3086 5134
778 300 822 369 46

697 394 910 402 ——-...-.—-

218 517 306 586 Nam
339 519 369 583 si
398 517 500 585 Solon
538 540 656 605 reapse
691 542 732 584 ex
765 520 887 584 itinere
916 526 1026 586 aetate
1049 519 1186 606 longius
1210 527 1389 608 provectus

218 635 377 718 redisset,
413 635 472 720 qui
506 635 580 700 fieri
614 637 741 722 potuit,
777 643 816 701 ut
850 642 926 723 post
961 637 1091 722 viginti
1119 636 1255 702 demum
1283 659 1389 702 annos

218 757 362 816 mortem
398 752 515 817 obiret.
573 753 647 816 Hoc
682 757 796 816 autem
824 751 967 817 fortasse
995 775 1013 816 e
1042 753 1249 818 carminibus
1274 753 1390 839 colligi

218 868 344 953 potuit,
379 891 456 932 curn
490 869 556 932 iter
591 868 776 932 decennale
810 891 871 954 per
905 875 957 934 tot
991 869 1118 935 rivulos
1152 869 1193 938 de
1224 869 1391 936 Herodoti

217 983 411 1048 narratione
436 983 673 1071 depromptum
697 991 795 1076 esset,

324 1100 401 1164 Huc
425 1100 565 1185 accedit,
589 1100 679 1185 quod
703 1101 862 1167 Solonem
886 1123 962 1165 cum
985 1101 1200 1189 Philoeypm,
1224 1124 1306 1187 rege
1330 1101 1389 1167 So-

217 1215 340 1280 liorum
374 1217 481 1280 multo
516 1222 595 1302 post
629 1239 756 1281 annum
785 1217 852 1281 584
880 1217 1080 1282 convenisse
1103 1217 1391 1282 verisimillimum

218 1339 278 1396 est.
336 1331 476 1396 Etenim
511 1354 552 1395 ex
586 1332 753 1397 Herodoti
787 1333 983 1398 testimonio
1010 1333 1267 1420 Aristocyprus,
1296 1332 1387 1398 filius
1534 1403 1535 1410 χ

217 1447 429 1534 Philocypri,
458 1471 486 1512 a.
510 1448 577 1513 498
604 1448 642 1512 in
664 1447 791 1534 proelio
815 1449 858 1512 ad
881 1448 1052 1513 Salamina
1075 1447 1164 1514 facto
1188 1448 1388 1514 interfectus
1466 1456 1467 1460 ’

218 1571 278 1630 est.
327 1563 448 1648 ltaque
471 1563 715 1650 Philocyprum
739 1587 809 1630 non
833 1565 881 1630 ita
903 1565 1020 1630 multis
1045 1565 1143 1630 annis
1168 1571 1247 1630 ante
1270 1589 1299 1630 a.
1323 1565 1391 1628 470

217 1681 255 1746 in
277 1703 421 1764 regnum
445 1679 636 1744 escendisse
661 1687 924 1746 consentaneum
949 1687 1009 1765 est,
1019 1674 1044 1764 1)
1072 1681 1141 1745 nisi
1168 1681 1256 1746 forte
1280 1681 1391 1746 filium

218 1804 335 1862 exacta
357 1802 468 1861 aetate
493 1795 655 1860 cecidisse
671 1798 727 1861 vel
742 1797 995 1883 Philocyprum,
1019 1796 1202 1862 admodum
1218 1798 1388 1881 iuvenem,

216 1935 378 1999 regnasse
402 1919 545 1997 statuas,
579 1912 669 1998 quod
691 1919 872 1998 utrumque
896 1935 965 1978 non
987 1913 1092 1977 nimis
1116 1913 1302 1978 verisimile
1327 1921 1388 1980 est.

216 2030 292 2094 Hoc
327 2036 439 2094 autem
473 2051 580 2093 unum
608 2051 626 2092 e
658 2034 710 2092 tot
744 2027 933 2094 fabularum
970 2030 1127 2114 congerie
1161 2028 1291 2094 facturn
1327 2036 1389 2110 est,

218 2144 307 2230 quod
344 2145 535 2210 examinare
570 2167 758 2232 possumus.
805 2145 894 2210 Nam
929 2167 1014 2230 quae
1051 2145 1141 2231 apud
1175 2145 1389 2210 Herodotum

218 2267 253 2325 et
275 2261 497 2326 Plutarchum
521 2262 562 2326 de
587 2261 753 2346 colloquio
777 2283 854 2326 cum
875 2262 998 2327 Croeso
1023 2267 1057 2326 et
1077 2261 1239 2326 Amaside
1261 2267 1389 2347 extant,

216 2377 289 2462 hae,
314 2383 352 2441 ut
375 2377 418 2442 R.
443 2377 610 2442 Schubert
634 2377 890 2462 demonstravit,
916 2400 1028 2442 merae
1052 2376 1185 2442 fabulae
1209 2383 1298 2442 sunt.

323 2494 395 2558 Iam
430 2493 773 2558 veridissimillimum
809 2500 873 2578 est,
910 2517 929 2558 a
958 2495 1080 2560 Solone
1108 2494 1174 2558 iter
1204 2493 1390 2558 decennale

216 2610 285 2674 iam
319 2631 408 2674 anno
443 2610 508 2674 593
544 2616 738 2696 susceptum
773 2633 856 2676 esse.
907 2611 1077 2674 Ponamus
1112 2631 1184 2674 rem
1218 2608 1389 2694 publicam

216 2724 492 2810 Atheniensium,
515 2732 566 2791 tot
582 2727 754 2811 tantisque
770 2727 868 2790 malis
884 2727 1103 2809 laborantem,
1128 2747 1190 2812 per
1209 2725 1390 2790 biennium

216 2841 382 2908 aSolone
406 2842 626 2907 constitutam
651 2864 733 2908 esse.
780 2843 903 2907 Nonne
939 2843 970 2906 ei
1005 2841 1194 2906 cavendum
1222 2848 1308 2926 erat,
1343 2864 1389 2906 ne

123 2993 125 3000 ⁴
215 2957 309 3043 leges
343 2959 432 3023 mala
467 2958 748 3044 interpretatione
784 2957 827 3022 ad
861 2959 997 3024 irritum
1032 2957 1201 3023 caderent.
1252 2957 1390 3022 Bellum

215 3096 313 3160 porro
338 3073 428 3160 quod
451 3080 576 3139 vocant
597 3095 728 3138 sacrum
748 3080 826 3138 ante
847 3097 974 3138 annum
990 3069 1086 3154 590²)
1111 3073 1303 3139 confectum
1318 3095 1390 3138 non

322 3376 350 3443 1)
369 3375 406 3430 H.
425 3375 517 3430 Flaoh
534 3375 553 3430 l.
573 3375 591 3428 l.
611 3394 638 3446 p.
658 3375 710 3429 373
730 3394 794 3430 ann.
817 3376 840 3431 1.

321 3482 349 3552 2)
369 3483 550 3554 Quamquam
574 3487 658 3536 caute
676 3483 754 3536 hunc
773 3501 880 3536 annum
907 3481 999 3554 posui,
1018 3499 1076 3537 non
1094 3501 1212 3555 possum
1230 3500 1290 3536 non
1308 3479 1389 3536 affir-

215 3589 303 3643 mare,
322 3572 459 3626 Nieseum
488 3572 516 3643 (1
535 3573 553 3626 l.
573 3590 600 3643 p.
622 3573 655 3625 16
675 3577 748 3642 etp.
768 3573 815 3638 20)
834 3571 908 3625 mihi
926 3591 985 3626 non
1003 3572 1187 3643 persuasisse,
1207 3572 1262 3626 hoo
1280 3572 1390 3626 bellum

215 3680 273 3716 non
291 3679 342 3732 per
361 3662 459 3716 decem
483 3679 574 3715 annos
602 3665 716 3732 gestum
735 3678 803 3714 esse.
850 3661 925 3714 Nam
955 3679 1092 3715 numerus
1120 3660 1262 3715 rotundus
1291 3661 1390 3716 decem

216 3768 357 3804 annorum
376 3750 450 3805 nihil
469 3749 638 3806 offensionis
665 3751 761 3820 habet,
790 3769 855 3804 cum
880 3751 1024 3822 permulta
1050 3751 1127 3805 bella
1149 3751 1222 3805 miro
1246 3768 1390 3804 annorum

216 3839 309 3910 spatio
330 3839 470 3894 contineri
489 3839 567 3894 haud
586 3839 760 3910 ignoremus
779 3841 860 3895 velut
872 3840 967 3911 prima
985 3839 1054 3895 belli
1066 3839 1303 3912 Peloponnesiaci
1321 3857 1389 3910 pars

214 3947 248 3982 ac
266 3930 373 3983 bellum
391 3930 601 3984 Messeniaoum
620 3929 738 3983 tertium
759 3928 872 3996 δεκαετῆ
896 3928 1022 3985 fuerunt.
1060 3929 1169 3996 Quodsi
1188 3928 1251 4000 quis
1270 3929 1389 3983 annales

214 4017 384 4090 inspexerit,
408 4019 486 4072 haud
515 4036 581 4072 raro
614 4018 688 4073 bella
720 4019 830 4089 decem,
849 4025 972 4090 septem,
1000 4019 1122 4090 triginta
1144 4036 1286 4072 annorum
1304 4023 1390 4088 gesta

215 4125 277 4163 esse
301 4107 458 4179 apparebit.
486 4109 530 4162 Ac
555 4113 678 4176 constat,
699 4107 876 4162 obsessiones
896 4109 1012 4163 urbium
1039 4105 1247 4180 antiquissimis
1275 4112 1388 4178 tempo-

215 4197 294 4252 ribus
322 4196 393 4251 satis
422 4196 572 4251 diuturnas
598 4202 627 4250 et
651 4196 784 4250 difficiles
804 4197 901 4251 fuisse.
939 4197 1053 4252 Nullius
1072 4215 1156 4268 porro
1175 4195 1315 4251 momenti
1335 4201 1389 4267 est,

215 4285 291 4356 quod
319 4286 502 4358 Thucydides
530 4287 563 4356 (Ι,
584 4287 629 4353 15)
657 4285 744 4340 huius
772 4287 840 4340 belli
867 4287 1043 4342 mentionem
1069 4304 1127 4340 non
1155 4285 1232 4355 fecit,
1261 4286 1390 4355 quando-

216 4375 330 4447 quidem
348 4377 493 4447 permulta
516 4375 629 4430 silentio
652 4375 859 4447 praetermisit,
887 4395 960 4447 quae
989 4377 1026 4430 ad
1049 4375 1201 4429 historiam
1219 4373 1389 4429 vetustioris

215 4465 319 4521 aetatis
338 4465 566 4538 cognoscendam
584 4466 743 4537 pertinent,
774 4465 854 4522 velut
876 4464 925 4520 ille
944 4466 1091 4534 Solonem,
1119 4469 1152 4518 ut
1179 4463 1300 4518 Nisseus
1327 4463 1390 4536 ipso
