3086 5134
767 257 810 325 30

678 349 891 358 -.-.-..—...--·—a

200 475 400 543 Plutarchus
424 481 538 541 autem
553 497 614 562 pro
631 466 713 550 ἔπος
728 467 842 536 αἰόλον
858 465 975 559 ἀνδρός
993 473 1130 540 exhibet
1146 465 1211 560 ἔντη
1228 465 1369 553 αἱμύλου

203 583 327 676 ἀνδρὸς.
375 594 473 658 Hanc
498 613 629 678 quoque
652 593 835 658 lectionem
859 591 1044 679 speciosam
1069 613 1142 656 esse
1166 591 1229 656 Th.
1253 591 1370 676 Bergk

203 709 319 774 sensit.
361 709 430 774 000
452 731 521 774 000
543 709 692 795 recepit?
730 708 787 773 An
809 707 923 772 hiatus
947 707 1244 794 grammaticorum
1264 707 1370 772 offen·

203 825 255 890 dit
278 825 401 899 nares?¹
438 825 580 889 Hiatum
604 831 717 888 autem
740 824 777 888 in
802 824 921 908 quinta
944 823 1012 888 arsi
1034 847 1054 888 a
1076 823 1186 909 poetis
1210 823 1371 910 elegiacis

203 941 387 1006 admissum
412 963 484 1005 esse
508 935 674 1018 Ahrensll
698 939 796 1005 docte
820 939 967 1025 collegit.
999 941 1041 1004 10
1065 944 1161 1004 sexta
1183 962 1266 1005 eum¹
1280 939 1372 1026 apud

203 1057 425 1142 Phooylidem
461 1062 574 1120 extare
608 1055 709 1121 video
745 1053 858 1141 (frgrn.
895 1056 936 1119 15
970 1055 1087 1140 Bergk
1121 1055 1143 1121 l.
1177 1051 1215 1137 1.)
1254 1043 1373 1116 ἶν’λλοτε

204 1162 344 1250 (1111002)
375 1173 493 1257 Neque
516 1171 654 1237 omnino
677 1193 737 1258 pro
760 1171 938 1258 perpaucis
962 1170 1163 1258 fragmentis
1185 1169 1373 1236 diiudicare

203 1311 393 1376 possumus²
428 1287 510 1372 quid
538 1288 648 1374 poetis
678 1288 837 1374 elegiacis
861 1287 898 1352 in
920 1287 985 1352 hoo
1007 1309 1132 1372 genere
1154 1287 1290 1353 licuerit
1313 1294 1374 1352 aut

203 1405 382 1492 probatum
410 1404 464 1468 sit.
513 1405 544 1464 Γ
542 1400 653 1465 irione
677 1411 710 1468 01
734 1395 936 1489 1000000,
961 1402 1043 1488 quid
1067 1403 1276 1488 significent,
1309 1404 1371 1468 -vel

205 1521 329 1586 omisso
366 1510 520 1596 „aleton
556 1521 773 1606 perspicuum
808 1525 868 1583 est.
930 1520 1038 1583 immo
1073 1519 1249 1606 epitheton
1280 1519 1374 1584 iners

205 1643 305 1722 atque
333 1636 478 1701 otiosum
507 1643 567 1701 est.
614 1635 755 1720 Saepius
779 1634 865 1700 illud
888 1631 1018 1716 γλῶσσα
1043 1634 1285 1720 aTheognide
1308 1635 1375 1700 hoo

204 1753 303 1818 modo
331 1751 480 1839 positum
508 1751 663 1816 videmus
692 1749 805 1834 (01.0.
831 1751 873 1814 96
897 1773 929 1816 v.
956 1752 1021 1815 760
1043 1775 1076 1816 v.
1103 1752 1210 1830 1185).
1256 1751 1375 1836 Atque

205 1869 296 1956 apud
318 1869 408 1933 hunc
431 1874 565 1954 poetam
590 1862 720 1947 γλῶσσα
744 1873 779 1931 01
802 1857 868 1951 ἔντη
891 1867 1020 1953 pariter
1044 1868 1224 1932 coniuncta
1247 1873 1341 1932 sunt:

248 2004 302 2069 86.
328 1994 389 2086 Μὴ
413 1993 527 2062 ἔντεσιν
550 1996 669 2086 στέργε,
694 1991 768 2062 νόον
791 1992 872 2078 δ’ἔχε
895 1995 951 2062 καὶ
976 1995 1095 2086 φρένας
1119 1989 1221 2075 ἄλλας
1243 2022 1273 2061 κ.
1295 2022 1323 2062 τ.
1341 1997 1372 2062 λ.

250 2120 302 2184 91.
320 2104 382 2192 Ὃς
405 2112 441 2178 δὲ
459 2117 520 2202 μιῇ
541 2115 680 2202 010000.

205 2253 345 2318 Etenim
368 2251 509 2338 pluralis
534 2243 641 2336 „etp
666 2252 695 2316 si
719 2273 789 2316 000
812 2251 1031 2335 desideratur,
1056 2257 1091 2316 at
1115 2257 1205 2316 oerte
1229 2250 1272 2316 ad
1288 2251 1376 2318 illud

207 2364 379 2448 ,01010001ι
393 2367 519 2452 optime
529 2390 565 2431 se
574 2367 812 2432 accommodat.
830 2356 963 2450 Ἀνδρός
976 2366 1123 2452 denique
1136 2367 1210 2431 sine
1222 2367 1377 2454 epitheto

207 2483 248 2549 de
272 2483 451 2549 Pisistrato
459 2477 482 2563 3)
506 2483 661 2568 intellegi
676 2484 770 2547 nullo
786 2483 884 2555 modo
901 2490 1023 2570 potest.
1051 2484 1230 2549 Praeterea
1251 2475 1376 2561 αἰόλον,

208 2624 284 2666 cum
298 2599 500 2666 vocabulum
515 2598 732 2666 notissimum
748 2599 802 2682 sit,
827 2600 917 2687 apud
933 2601 1123 2685 Diogenem
1140 2606 1174 2664 et
1189 2599 1378 2670 Diodorum

208 2717 325 2782 eodem
353 2715 466 2800 mode,
502 2737 567 2800 quo
591 2707 680 2776 δεινοὶ
704 2715 827 2799 κοῦφος
851 2704 960 2799 ἄιδρις
983 2707 1058 2792 ἐών,
1083 2717 1163 2800 0110,
1199 2717 1380 2803 irrepsisse

207 2832 495 2899 verisimillimum
518 2837 579 2896 est.
614 2832 700 2896 Cum
723 2839 837 2897 autern
858 2855 899 2897 ex
919 2822 1034 2892 αἰόλου
1051 2823 1164 2892 αἰόλον
1180 2839 1379 2920 corruptum

207 3021 420 3030 —————n-

315 3143 342 3213 1)
361 3143 405 3198 De
423 3141 506 3196 hiatu
525 3141 601 3214 apud
620 3142 691 3214 eleg.
710 3146 794 3214 poet,
814 3141 957 3214 Philolog.
977 3142 1031 3213 111,
1051 3161 1077 3213 p.
1097 3143 1157 3197 227.

313 3253 342 3318 2)
361 3251 468 3306 Hiatus
491 3250 522 3304 in
544 3250 641 3305 verbis
670 3240 763 3302 α’λλοτε
793 3240 872 3307 ἄλλος
899 3250 1093 3321 compluribus
1122 3249 1259 3322 exemplis
1281 3255 1380 3322 potest

208 3339 396 3413 comprobari.
443 3339 486 3395 Of.
506 3340 625 3410 Bergkii
649 3345 746 3394 annot.
772 3339 808 3392 ad
827 3339 921 3393 Solon.
941 3339 1027 3410 frgm.
1048 3341 1081 3394 13
1101 3346 1130 3394 et
1149 3339 1251 3410 Odyss.
1271 3339 1380 3410 (1236,

209 3433 260 3486 sed
279 3451 299 3482 ω
318 3431 384 3484 415:
404 3420 521 3482 those
541 3418 621 3486 ἄλλος
639 3434 728 3484 extat.
757 3429 802 3482 Ex
814 3429 869 3482 hoc
888 3429 1018 3499 exemplo
1032 3434 1151 3499 apparet
1163 3447 1223 3482 000
1234 3429 1380 3484 formulae

210 3539 303 3590 causa,
323 3525 356 3574 ut
369 3519 485 3573 Ahrens
503 3519 614 3573 statuit.
627 3519 645 3576 l.
656 3520 683 3586 1.,
702 3519 816 3572 hiatum
826 3517 984 3572 admissum
995 3535 1064 3572 esse.
1094 3518 1145 3572 cfr.
1155 3518 1244 3572 etiam
1253 3519 1286 3573 Il.
1299 3519 1379 3576 1375.

316 3628 345 3694 3)
364 3619 489 3698 Αἱμύλος
508 3627 542 3680 de
562 3627 727 3680 hominibus
746 3626 833 3680 etiam
852 3625 909 3679 dici
928 3643 964 3679 ex
982 3625 1029 3678 his
1047 3624 1118 3679 locis
1136 3625 1318 3696 perspicitur:

316 3717 405 3770 Arist.
425 3715 547 3786 Lysistr.
568 3717 646 3772 1269.
678 3714 735 3767 Τιὶν
755 3713 876 3785 αἱμυλᾶν
895 3707 1050 3777 ἀλωπέκων,
1070 3714 1155 3784 Soph.
1170 3714 1252 3769 Aiax.
1272 3715 1325 3768 389
1344 3715 1381 3770 de

210 3807 287 3861 ulixe
306 3799 353 3858 τὸν
372 3797 569 3876 αἱμυλώτατον,
589 3805 738 3860 decedam
755 3804 786 3857 in
796 3803 882 3858 Rhea
902 3822 929 3858 v.
943 3804 997 3857 498
1011 3797 1200 3874 αἱμυλώτατον
1218 3797 1331 3875 κρότημ’
1346 3835 1379 3843 -

206 3887 364 3951 Ὀδυσσεύς.
385 3895 419 3947 Ν.
438 3894 564 3948 Bachius
584 3893 707 3963 (Solonis
730 3893 917 3947 Atheniensis
942 3893 1101 3947 carminum
1125 3911 1197 3962 quae
1215 3899 1380 3964 supersunt.

210 3987 328 4039 Bonnae
349 3983 417 4037 1825
436 4003 462 4054 p.
474 3985 509 4037 98
528 3984 598 4054 fgm.
616 3985 649 4038 19
663 3981 749 4052 ng.)
773 3982 923 4036 Plutarchi
941 3981 1094 4036 lectionem
1113 3982 1163 4046 ἔπη
1183 3975 1303 4052 αῖμὺλου
1321 4000 1381 4036 cer-

210 4075 321 4128 tissime
332 4072 471 4144 Diogenis
485 4079 513 4126 et
526 4072 645 4126 Diodori
665 4073 729 4128 ἕτιος
749 4065 843 4122 αἰόλον
863 4076 1009 4141 praestare
1031 4071 1129 4125 sensit.
1157 4071 1259 4141 100010
1282 4075 1382 4126 autem

211 4164 245 4218 A.
256 4163 351 4216 Maius
370 4183 396 4234 p.
407 4163 443 4216 29
455 4180 472 4214 0
487 4162 601 4232 (Seript.
620 4161 688 4215 hist.
710 4161 849 4216 0000011.
864 4161 1074 4228 Βο00001827)
1094 4153 1213 4230 αἱμύλον
1232 4178 1247 4214 0
1265 4178 1381 4230 praece-

211 4253 291 4307 denti
318 4251 469 4306 Plutarchi
497 4251 641 4320 00011029
661 4242 779 4321 καὶγὰρ
800 4243 918 4320 αἱμύλον
940 4269 965 4301 τι
989 4253 1035 4300 καὶ
1064 4249 1217 4318 προσφιλὲς
1235 4248 1308 4317 εἶχεν
1334 4250 1382 4304 (10-

213 4348 378 4414 promptum
399 4359 460 4396 esse
479 4340 634 4423 contendit.
670 4341 778 4396 Contra
805 4341 860 4394 hoc
888 4357 903 4394 0
929 4338 1054 4394 carmine
1081 4337 1200 4393 fluxisse
1231 4343 1382 4394 consenta-

211 4449 296 4488 neum
316 4436 368 4486 est.
