3086 5134
507 1396 649 1474 Pars
676 1398 861 1497 prima.

313 1578 377 1660 De
404 1576 587 1660 Diodori
615 1575 754 1660 Siculi
780 1575 898 1659 libro
926 1596 1053 1658 nono.

207 1791 349 1858 Diodori
369 1792 476 1859 Siculi
498 1791 585 1858 liber
607 1813 716 1857 nonus
741 1797 818 1876 apte
841 1791 879 1856 in
902 1789 985 1856 duas
1008 1795 1122 1878 partes
1143 1789 1268 1856 dividi·

98 1915 172 1993 tur,
200 1930 340 1994 quarum
368 1909 473 1974 altera
501 1905 534 1992 (§
560 1906 826 1985 1-14v0115)
856 1906 899 1973 ad
922 1914 1053 1993 septem
1075 1907 1268 1994 sapientum

99 2024 232 2092 fabulas
256 2024 343 2089 solas
367 2030 505 2110 spectat,
530 2025 567 2090 in
591 2025 696 2090 altera
720 2020 775 2108 (de
796 2023 874 2101 §23
895 2044 1002 2108 usque
1019 2022 1061 2088 ad
1078 2030 1161 2088 extr.
1178 2022 1268 2104 libr.)

99 2163 156 2206 res
180 2140 269 2206 iusto
292 2146 482 2226 temporum
510 2140 628 2206 ordine
656 2144 790 2205 servato
817 2146 1008 2205 narrantur.
1055 2140 1127 2204 Has
1155 2145 1269 2206 autem

101 2256 186 2321 duas
210 2255 290 2321 libri
309 2261 423 2342 partes
445 2257 599 2342 quamvis
615 2255 766 2322 diversas
791 2253 832 2319 de
848 2253 985 2340 Ephoro
1003 2255 1073 2320 solo
1089 2254 1267 2342 depromp-

102 2377 157 2436 tas
180 2392 253 2436 esse
275 2371 318 2436 R.
342 2365 525 2450 Klueber1)
550 2371 708 2456 coniecit,
739 2393 839 2456 quam
867 2369 1063 2457 opinionem
1086 2371 1162 2436 aliis
1184 2370 1269 2436 viris

103 2485 213 2550 doctis
246 2485 412 2572 probavit.
471 2487 570 2552 Hanc
604 2486 696 2552 illius
730 2486 1025 2552 ratiocinationem
1058 2484 1168 2551 facere
1200 2508 1271 2552 non

102 2623 250 2688 possum,
279 2602 362 2687 quin
389 2624 524 2688 prorsus
546 2624 679 2688 negem.
732 2602 821 2667 Nam
849 2608 884 2666 et
911 2607 1109 2687 quaerente
1133 2624 1270 2688 perspe-

103 2722 210 2801 xerat,
233 2739 303 2783 non
326 2718 407 2782 satis
424 2718 525 2783 certis
541 2717 750 2802 argumentis
774 2717 941 2783 stabilivit
964 2724 999 2783 et
1021 2719 1189 2805 permulta
1210 2741 1269 2784 ne-

103 2831 221 2918 glexit,
246 2855 330 2918 quae
353 2833 396 2898 ad
419 2839 591 2899 auctorem
612 2833 754 2900 Diodori
777 2833 1010 2920 indagandum
1032 2834 1215 2921 pertinent.
1228 2870 1269 2880 —

103 2949 157 3014 De
180 2947 324 3033 singulis
349 2948 421 3014 eius
445 2949 644 3014 commentis
671 2949 868 3034 priusquam
892 2948 1075 3035 disputem,
1105 2972 1271 3016 summam

104 3063 278 3149 castigabo
313 3063 385 3128 eius
417 3064 722 3129 ratiocinationum.
780 3064 832 3130 Ac
865 3065 961 3150 quasi
987 3064 1121 3148 πρῶτον
1150 3061 1271 3148 ψεῦδος

104 3180 282 3266 Ephorum
305 3202 325 3244 a
348 3179 467 3264 quinto
490 3179 576 3245 libro
600 3180 708 3245 solum
731 3179 913 3246 aDiodoro
938 3180 1174 3267 depromptum
1198 3203 1270 3246 0110

104 3319 138 3362 v.
163 3295 194 3360 d.
224 3317 426 3381 quamquam
456 3291 586 3382 dixit2),
621 3295 761 3360 minime
786 3297 1041 3362 demonstravit.
1087 3297 1206 3381 Neque
1242 3297 1272 3362 si

104 3410 253 3496 fecisset,
278 3411 462 3497 quidquam
485 3411 528 3476 ad
550 3434 622 3476 rem
644 3411 808 3477 valuisset
824 3419 1071 3498 argumentum.
1103 3412 1271 3478 Diodorus

106 3527 199 3592 enim
221 3528 259 3591 in
282 3527 412 3626 decimo
435 3526 522 3592 libro
547 3526 588 3591 de
608 3526 708 3592 rebus
724 3527 950 3612 Pythagoreis
967 3527 1142 3614 Ephorum
1158 3529 1273 3594 sinon

104 3643 273 3728 neglexit,
308 3649 344 3707 at
378 3649 468 3707 certe
504 3663 574 3707 non
609 3643 715 3707 solum
744 3665 875 3728 semper
901 3643 1034 3708 accivit.
1085 3645 1161 3709 Hoc
1189 3645 1272 3710 satis

104 3757 227 3842 lucide,
253 3757 381 3844 opinor,
407 3781 425 3839 e
450 3758 666 3844 Callimacho,
691 3780 790 3843 quem
805 3752 1007 3842 Diodorus³)
1023 3759 1148 3844 attulit,
1170 3782 1272 3846 appa·

105 3879 168 3938 ret.
214 3873 465 3958 Argumentum
491 3896 573 3939 vero
602 3897 620 3938 0
647 3873 800 3960 silentio,
837 3873 926 3960 quod
953 3874 1021 3940 viri
1048 3873 1140 3940 docti
1168 3896 1212 3939 ne
1235 3875 1273 3939 in

105 3989 183 4053 aliis
201 3987 337 4074 quidem
354 3990 607 4075 quaestionibus
624 3991 768 4054 multum
780 3990 893 4054 valere
905 3989 1120 4068 arbitrantur,
1136 4011 1273 4075 prorsus

216 4203 230 4255 1
262 4201 358 4256 ueta·
376 4200 421 4256 aa
440 4199 605 4278 0001011.
625 4200 734 4256 nroeor
751 4199 769 4255 1.
788 4199 842 4257 rx.
862 4201 895 4256 a
915 4201 1080 4272 wurzburg
1099 4200 1176 4254 1001.

214 4414 243 4483 3)
261 4412 381 4468 Diodori
405 4413 537 4468 biblioth.
561 4412 662 4470 histor.
687 4432 723 4469 ex
745 4431 802 4474 rec.
821 4420 850 4470 et
874 4432 896 4470 c.
922 4418 1020 4470 annot.
1039 4414 1111 4470 Lud.
1131 4413 1274 4470 Dindorfii

105 4501 223 4576 apta
243 4501 455 4575 1011111.

533 4627 804 4740 153426
1064 4613 1080 4668 ¹
