3086 5134
710 233 729 297 7

610 325 823 332 ------—---

121 449 246 514 minus
270 471 370 535 quam
393 449 453 514 alii
475 472 587 515 rerum
610 449 791 536 scriptores
807 448 980 514 Phalarim
996 449 1093 534 quasi
1109 435 1300 536 eiremplum

121 564 361 652 depinxerunt
383 566 523 652 tyranni
547 551 772 630 crudelissimi
797 569 897 650 atque
921 563 1173 630 immanissimi.
1211 565 1299 642 Qua-

123 703 211 746 cum
235 681 521 766 crudelitateque
545 681 644 747 modo
669 680 827 766 congruit
849 680 988 745 virtutis
1015 681 1075 745 illa
1096 681 1191 745 laus?
1235 681 1299 746 Po·

122 803 245 862 testne
273 797 368 882 ferri,
400 804 588 882 atyranno
611 803 682 862 tam
706 803 821 884 aperte
844 796 1072 862 subiectorum
1095 797 1299 862 seditionem

123 908 346 993 concitariP1)
384 914 506 979 Nonne
528 912 751 996 haerebimus,
777 911 866 998 quod
888 911 1016 998 Aesopi
1038 935 1162 977 nomen
1185 913 1301 979 fabula

123 1029 356 1114 subsequitur,
374 1052 473 1114 quam
488 1035 612 1094 vocant
627 1028 830 1114 Aesopiam?
847 1028 990 1094 Constat
1009 1028 1100 1092 enirn
1115 1029 1300 1114 posteriore

124 1151 243 1210 aetate
265 1145 442 1230 ingentem
465 1145 503 1209 in
525 1144 699 1231 Aesopum
728 1167 907 1208 numerum
931 1150 1196 1210 commentorum
1220 1167 1298 1210 con·

123 1265 266 1345 gestum
290 1255 404 1340 66662)
440 1261 529 1325 Item
551 1259 721 1326 Diodorus
744 1260 808 1325 hoc
830 1261 903 1326 looo
927 1265 1034 1324 totam
1056 1260 1133 1326 huis
1156 1261 1224 1326 viri
1247 1261 1299 1325 111-

124 1375 243 1441 dolem
272 1375 408 1441 videtur
436 1377 640 1462 exposuisse.
691 1376 760 1442 Sed
793 1382 908 1440 tamen
943 1398 1020 1440 cum
1053 1376 1202 1443 Diodoro
1236 1377 1300 1442 hoo

125 1491 250 1557 eodem
273 1493 345 1557 loco
368 1491 560 1556 Phalaridis
584 1491 770 1559 dominatio
795 1491 982 1556 enarranda
1006 1499 1090 1577 erat,
1116 1499 1190 1558 tum
1212 1493 1299 1558 hano

124 1607 279 1674 fabulam
308 1606 351 1672 ad
377 1608 469 1673 illius
499 1609 628 1672 exitum
656 1615 808 1694 spectare
838 1607 920 1672 satis
948 1609 1125 1694 perspicua
1152 1608 1300 1695 produnt

123 1723 287 1810 vestigia.
312 1722 366 1804 (ot.
384 1723 615 1810 epitomatoris
632 1724 899 1808 annotationem:
924 1713 968 1797 ὡς
992 1718 1174 1807 γέγραπται
1198 1719 1231 1784 ἐν
1246 1724 1299 1806 τῷ

125 1833 209 1923 περὶ
245 1835 398 1924 διαδοχῆς
420 1834 607 1924 βασιλέων.)
659 1841 749 1905 Satis
778 1845 891 1904 autem
926 1841 1098 1925 eleganter
1131 1839 1298 1905 Diodorus

125 1957 218 2020 hano
242 1955 390 2020 fabulam
413 1961 593 2020 annectere
616 1957 730 2042 potuit
753 1956 796 2020 ad
818 1955 946 2042 Aesopi
973 1955 1093 2039 vitam,
1129 1962 1169 2020 ut
1197 1978 1298 2041 appa·

125 2078 229 2155 reret,
255 2077 419 2156 quantum
442 2071 514 2135 eius
538 2071 670 2136 fabulae
694 2073 857 2156 valerent,
882 2094 967 2156 quae
983 2073 1039 2135 vel
1055 2071 1098 2135 ad
1113 2077 1299 2156 tyrannum

126 2187 366 2274 expellendum
390 2187 481 2252 cives
506 2188 720 2252 excitassent.
766 2187 881 2272 Atque
910 2187 1122 2252 Stesichorus
1151 2187 1298 2251 similem

127 2303 171 2367 de
196 2303 254 2367 illo
278 2309 424 2388 tyranno
448 2303 590 2389 protulit
613 2303 773 2378 fabulam,
796 2304 993 2389 priusquam
1016 2303 1074 2366 ille
1098 2303 1296 2368 Himeraeos

127 2418 338 2484 subiecisset.
397 2419 607 2505 Quapropter
639 2420 768 2500 nesci0,
804 2441 847 2484 an
882 2419 1018 2501 scitum,
1053 2425 1092 2483 ut
1125 2420 1296 2504 vulgatur,

127 2535 264 2622 Aesopo
298 2532 517 2598 tribuendum
556 2535 602 2599 sit
640 2536 781 2600 articulo
821 2535 1012 2622 praeposito
1046 2524 1086 2616 [ὁ]
1127 2523 1224 2608 αὐτὸς
1252 2529 1296 2600 δὲ.

127 2652 172 2715 111
195 2651 348 2736 proximo
371 2649 563 2736 fragmento
571 2645 597 2733 ³)
621 2637 690 2733 (30)
722 2688 763 2696 -
793 2651 1009 2736 subsequitur
1033 2656 1147 2715 autern
1169 2651 1233 2715 hoo
1260 2651 1299 2715 in

128 2766 350 2853 palimpsesto
385 2765 474 2850 quod
507 2789 667 2831 vocamus
702 2768 868 2832 Vaticano
906 2766 1137 2852 fragmentum
1172 2768 1215 2831 28
1255 2804 1296 2812 -

128 2881 299 2947 Diodorus
322 2881 495 2969 Aesopum
517 2883 573 2948 vel
595 2884 709 2970 potius
733 2906 823 2967 curn,
858 2883 917 2968 qui
939 2881 1089 2948 fabulam
1111 2883 1297 2970 Aesopiam

128 3123 343 3132 -----

239 3316 374 3387 1)Μ11ο1
396 3317 473 3388 quod
495 3317 542 3371 1116
561 3289 700 3390 apologus
718 3335 810 3389 neque
829 3317 967 3372 Adolfum
985 3317 1074 3370 Helm
1094 3315 1207 3387 (Gesoh.
1228 3317 1297 3372 Sici-

128 3407 203 3462 liens
222 3407 261 3461 im
279 3407 383 3462 Altert.
402 3406 521 3478 Leipzig
540 3409 609 3462 1870
627 3407 642 3460 I
660 3427 686 3479 p.
708 3405 770 3477 151)
789 3424 882 3477 neque
899 3407 1060 3461 Prellerum
1083 3403 1124 3472 (in
1142 3405 1219 3477 Allg.
1238 3407 1296 3460 En·

130 3497 312 3568 cyclopaedie
331 3496 373 3551 ed.
392 3497 484 3550 Ersoh
503 3501 532 3552 61
552 3497 664 3552 Gruber
681 3515 709 3552 v.
728 3497 763 3550 21
782 3497 818 3563 (1.
838 3494 926 3566 Seria)
946 3515 973 3566 p.
992 3496 1045 3550 432
1064 3491 1223 3548 offenderit.

237 3639 360 3711 2)(11111.
383 3640 471 3694 Henr.
498 3639 635 3695 Grauert:
666 3641 709 3695 De
732 3639 845 3710 Aesopo
876 3643 906 3694 et
936 3637 1041 3692 fabulis
1068 3637 1201 3710 Aesopiis
1231 3638 1298 3695 11166.

130 3730 251 3784 Bonnae
271 3730 340 3784 1825
358 3747 384 3800 p.
404 3731 447 3785 63.

237 3871 266 3942 3)
285 3871 365 3926 Nihil
388 3872 464 3926 enim
483 3870 649 3927 offensionis
667 3872 767 3940 habet,
791 3870 890 3925 eodem
908 3870 1073 3942 fragmento
1094 3868 1150 3940 (28)
1170 3869 1298 3924 diversas

130 3962 244 4031 Aesopo
273 3961 408 4015 substitui
436 3961 557 4017 fabulas.
595 3961 701 4018 Confer
726 3961 816 4030 enim,
842 3978 929 4030 quam
948 3961 1072 4014 multum
1091 3957 1250 4030 eclogarius
1268 3959 1299 4012 in

130 4068 222 4104 unum
242 4051 276 4104 de
296 4048 415 4106 Chilone
435 4050 473 4122 (9)
492 4057 658 4122 excerptum
677 4049 929 4122 conglutinaverit.
975 4049 1016 4102 At
1044 4047 1197 4116 disiunxit,
1226 4065 1299 4118 quae

131 4138 275 4193 artissime
292 4138 369 4192 111161
387 4157 418 4194 66
437 4141 590 4194 cohaerent
609 4138 655 4209 (28
674 4146 702 4193 61
720 4139 774 4209 30).
801 4138 972 4210 Saepissime
985 4143 1082 4192 autem
1095 4137 1299 4208 epitomatores

130 4227 161 4282 in
181 4232 309 4281 extremo
328 4228 492 4300 fragmento
511 4246 616 4282 novam
635 4227 745 4282 addunt
770 4246 839 4296 rem,
869 4245 941 4298 quae
967 4227 997 4281 in
1025 4225 1155 4297 sequenti
1183 4227 1298 4280 demum

131 4335 217 4388 porro
236 4322 386 4372 tractatur.
423 4319 487 4372 Hoc
505 4323 637 4387 apertum
656 4323 699 4372 661
718 4335 733 4370 6
751 4317 855 4387 fragm.
874 4318 900 4385 3,
919 4319 936 4370 2
955 4322 984 4370 61
1002 4317 1027 4384 3,
1055 4315 1085 4370 in
1110 4314 1213 4386 quibus
1236 4333 1298 4370 ora-

131 4406 229 4462 culum
247 4407 422 4462 disiunctum
441 4406 593 4463 exhibetur
612 4405 818 4460 enarratione.
839 4404 885 4474 (of.
904 4405 938 4459 fr.
955 4407 1026 4474 11,2
1044 4403 1139 4474 6112.)
