3086 5134
813 303 857 366 38

731 391 943 400 ——w

253 518 568 585 commemoravisse
591 516 741 602 videtur,
770 515 860 602 quod
882 517 940 582 ille
964 539 1037 582 sese
1061 539 1081 580 a
1102 515 1292 602 Hermippo
1300 509 1326 598 ¹)
1354 514 1430 580 dis·
1536 503 1537 552 l

252 635 379 701 sentire
414 639 607 722 exponeret.
654 632 769 718 Atque
798 656 816 697 e
843 633 998 698 versibus
1025 632 1067 698 ab
1094 639 1239 718 utroque
1265 629 1428 716 laudatis,

250 758 289 817 ut
329 775 431 839 supra
469 749 718 834 demonstravi,
759 748 965 837 perspicitur
1001 748 1190 814 Diodorum
1229 770 1270 812 ex
1304 747 1429 813 eodem

251 867 399 954 pendere
422 872 558 932 auctore
582 887 648 952 quo
672 865 887 932 Sosicratem.

360 983 427 1050 Sed
449 991 489 1048 ut
512 983 636 1066 dicam,
666 981 756 1068 quod
784 981 908 1066 senti0,
938 1003 1049 1066 neque
1072 987 1187 1046 tamen
1215 980 1297 1046 satis
1322 979 1429 1046 certis

251 1101 462 1186 argumentis
486 1099 717 1164 demonstrare
740 1120 892 1185 possum,
923 1122 943 1164 0
966 1098 1116 1163 Diodoro
1139 1096 1269 1162 fabulas
1294 1101 1430 1182 septem

232 1216 452 1304 'Sapientum
478 1238 518 1280 ex
541 1215 730 1302 Hermippo
758 1213 896 1278 haustas
926 1236 999 1280 esse
1026 1220 1119 1302 puto.
1166 1211 1214 1278 At
1247 1212 1431 1277 Plutarchi
1536 1205 1537 1284 Ῐ

250 1333 288 1398 10
312 1332 446 1398 Solonis
474 1331 547 1396 vita
574 1330 723 1395 narratio
752 1329 793 1394 (10
822 1336 952 1416 septem
980 1329 1049 1394 illis
1078 1336 1113 1394 et
1140 1327 1182 1395 de
1206 1328 1323 1395 Croesi
1346 1351 1431 1393 cum

251 1449 374 1515 Solone
398 1447 579 1533 colloqui0,
610 1445 690 1511 huic
717 1445 871 1532 opinioni
900 1445 1102 1510 documenta
1124 1467 1194 1510 non
1218 1443 1430 1532 suppeditat.

250 1565 327 1631 Duo
355 1571 468 1630 autem
497 1568 614 1628 extant
641 1561 823 1649 Hermippi
847 1561 889 1626 de
912 1563 1035 1628 Solone
1062 1561 1151 1627 libri.
1198 1559 1356 1626 Alterum
1382 1559 1431 1624 de
1536 1539 1537 1568 ¹

251 1687 381 1767 septem
411 1678 644 1766 SapientibuS,
680 1677 721 1743 de
750 1677 1002 1764 legislatoribus
1030 1679 1183 1742 alterum.
1240 1679 1315 1770 Hoc
1343 1700 1430 1764 ergo

250 1795 465 1881 Plutarchus,
488 1794 658 1860 Diodorus
681 1795 768 1860 illud
791 1795 955 1860 asciscere
978 1794 1100 1882 potuit.
1142 1793 1313 1860 Nimirum
1335 1793 1431 1859 Her-

250 1914 386 2000 mippus
411 1912 447 1976 in
470 1918 613 1997 utroque
638 1911 736 1976 aliter
759 1910 891 1976 fabulas
915 1910 1100 1997 explicavit
1123 1915 1181 1975 aut
1205 1916 1295 1975 certe
1311 1911 1432 1996 potuit

252 2029 429 2116 explicare.

357 2145 427 2210 Res
450 2149 528 2209 utut
552 2165 587 2208 se
611 2141 723 2228 habet,
746 2142 810 2207 hoc
833 2141 1051 2229 perspicuum
1074 2141 1145 2207 fore
1169 2163 1275 2229 spero,
1301 2141 1430 2208 aDio-

251 2259 332 2327 doro
355 2261 481 2326 librum
503 2282 630 2324 nonum
651 2258 780 2324 duobus
797 2281 815 2323 0
831 2257 984 2324 fontibus
1000 2257 1160 2323 haustum
1177 2280 1259 2322 esse.
1291 2258 1431 2323 Horum

251 2377 337 2440 alter
359 2375 531 2462 Ephorus,
567 2377 653 2440 alter
681 2381 797 2440 auctor
820 2374 1086 2457 Alexandrinus,
1123 2375 1183 2460 qui
1210 2397 1230 2438 a
1253 2373 1431 2439 Sosicrate

251 2493 373 2558 allatus
398 2498 433 2558 et
454 2491 628 2557 nonnullis
651 2491 735 2557 locis
760 2489 955 2557 confutatus
980 2496 1040 2576 est,
1065 2489 1202 2556 videtur
1225 2487 1339 2554 fuisse.

659 2793 800 2869 Pars
833 2794 1011 2868 altera.

372 3008 459 3092 Cur
488 3007 619 3092 Solon
647 3006 916 3091 Salaminius
945 3008 1197 3110 appellatus
1227 3008 1299 3090 sit.

356 3260 499 3326 Diodori
528 3261 599 3344 (IX,
627 3256 659 3343 1)
688 3283 706 3324 0
734 3260 931 3325 testimonio
960 3259 1064 3325 Solon
1098 3259 1166 3324 fuit
1201 3251 1330 3342 πατρὸς
1363 3255 1430 3338 μὲν

247 3367 472 3462 Ἐξηκεστίδου
495 3370 531 3437 ἐκ
548 3373 733 3454 Σαλαμῖνος
755 3365 988 3461 τηςἈττικῆς.
1020 3375 1118 3441 Idem
1140 3375 1245 3440 refert
1265 3375 1428 3442 Laertius

249 3495 422 3580 Diogenes
457 3489 497 3576 (Ι,
521 3493 565 3557 45
596 3490 637 3558 cf.
662 3489 785 3576 1,49):
820 3492 878 3578 τῆς
911 3485 1074 3575 πατρίδος
1109 3480 1209 3552 αὐτοῦ
1237 3487 1428 3569 Σαλαμῖνος

183 3614 191 3628 ”
251 3600 574 3695 ἀμφισβητουμένης
597 3608 660 3673 hac
684 3631 726 3672 ex
749 3609 910 3694 opinione
933 3608 1150 3694 epigramma,
1180 3607 1270 3692 quod
1291 3612 1428 3672 statuae

252 3726 385 3792 Solonis
424 3725 628 3810 inscriptum
666 3747 739 3789 esse
779 3725 967 3808 dicebatur,
1008 3723 1161 3788 manavit
1199 3720 1255 3807 (cf.
1291 3723 1319 3807 I,
1356 3723 1426 3803 62).

250 3841 452 3906 Plutarchus
480 3847 594 3904 autern
621 3840 685 3905 hoc
713 3847 828 3905 utrum
857 3841 1009 3905 consulto
1034 3862 1077 3903 00
1100 3839 1315 3924 negligenter
1339 3840 1428 3904 omi-

251 3959 343 4042 serit,
367 3979 427 4043 prc
451 3963 542 4022 certo
559 3955 628 4021 dici
643 3979 713 4022 non
728 3962 850 4042 potest,
875 3955 918 4022 cf.
935 3955 1025 4047 infra
1040 3979 1073 4042 p.
1089 3956 1133 4020 40
1149 3978 1227 4020 ann.
1245 3955 1276 4020 3.
1314 3955 1428 4032 Quae-

251 4073 349 4158 ritur,
374 4094 439 4158 quo
464 4072 537 4138 iure
562 4073 665 4138 Solon
689 4072 881 4138 Salaminus
905 4073 1093 4158 appellatus
1118 4071 1172 4135 sit.

358 4383 384 4455 1)
403 4382 532 4455 Apparet
552 4401 567 4438 0
585 4382 715 4454 Diogene
735 4381 769 4454 (Ι,
789 4381 852 4453 101)
866 4381 1039 4437 Sosicratem
1057 4380 1210 4452 Hermippi
1222 4381 1257 4434 (10
1270 4379 1425 4437 Α11001101-

250 4473 311 4529 side
329 4472 525 4528 narrationem
543 4473 580 4526 ad
599 4478 709 4528 certum
728 4490 837 4526 annum
854 4471 1043 4527 revocavisse.
