3086 5134
620 349 831 450 AL..

141 565 311 633 Homerus
339 565 382 632 ad
408 589 480 632 rem
508 565 744 632 illustrandam
768 569 925 652 quattuor
950 566 1004 632 vel
1029 565 1131 632 etiam
1154 564 1250 650 plura
1274 561 1311 628 in

141 681 367 770 comparando
401 681 544 768 profert,
578 681 777 766 gradatione
813 680 957 767 quadam
984 703 1183 768 progressus
1210 685 1310 766 poeta

140 819 278 866 omnem
300 821 371 864 rom
396 798 643 885 comparatione
668 821 744 864 cum
760 798 873 864 ventis
896 796 1048 863 adhibita
1064 795 1309 882 complectitur.

140 913 307 980 Attamen
342 914 416 1000 quis
451 915 488 980 in
522 921 592 980 tam
627 920 784 1002 corrupto
819 914 1006 1002 scripturae
1040 912 1186 978 traditae
1221 917 1313 978 statu

141 1031 274 1116 aliquid
302 1031 427 1096 certius
456 1030 642 1096 diiudicare
666 1030 797 1096 audeat.
844 1031 891 1096 Et
914 1028 1042 1117 pendet
1065 1035 1146 1094 tota'
1160 1028 1312 1113 quaestio

142 1146 254 1212 efide
281 1147 469 1232 Plutarchi,
504 1169 607 1234 'quam
642 1167 778 1233 prorsus
812 1147 941 1212 nullam
969 1146 1006 1210 in
1033 1145 1087 1210 his
1115 1144 1215 1210 rebus
1240 1165 1313 1209 esse

141 1263 211 1328 viri
236 1257 361 1346 docti¹)
385 1268 570 1328 autumant.
603 1265 678 1328 Hoc
701 1261 887 1328 tenendum
912 1267 971 1346 est,
997 1283 1039 1327 ex
1058 1261 1121 1326 hoo
1136 1262 1209 1328 loco
1224 1259 1314 1326 nihil

142 1379 260 1464 colligi
293 1401 391 1467 posse
426 1378 469 1444 ad
502 1379 603 1444 huius
638 1377 875 1445 auctoritatem
902 1401 1013 1464 neque
1046 1375 1312 1443 confirmandam

142 1517 254 1582 neque
278 1495 556 1562 imminuendam.

254 1611 321 1678 Sed
344 1613 451 1678 multo
476 1613 599 1677 certius
624 1611 665 1676 de
689 1611 881 1698 fragmento
906 1613 945 1676 11
971 1609 1103 1677 Solonis
1128 1608 1314 1675 diiudicare

143 1750 332 1814 possumus.
381 1729 507 1806 Versus
536 1735 648 1794 autem
676 1727 765 1818 apud
792 1734 974 1814 utrumque
1002 1723 1058 1811 (cf.
1084 1726 1182 1812 Diog.
1206 1725 1233 1810 Ι,
1258 1721 1312 1804 52)

144 1844 193 1909 sic
217 1839 422 1930 leguntur²):

254 1989 294 2058 Εἰ
318 1991 353 2058 δὲ
376 1988 575 2058 πεπόνθατε
598 1987 697 2082 λογρό
721 1989 755 2057 di
780 1987 933 2080 ὑμετέραν
956 1987 1121 2082 κακότητα

255 2104 316 2199 Μή
338 2113 468 2174 θεοῖσιν
490 2104 610 2199 ταύτην
632 2113 751 2197 μοῖραν
774 2106 990 2198 ἐπαμφέρετε.

253 2217 362 2290 Αύτοὶ
387 2221 447 2313 γὰρ
471 2221 605 2303 τούτους
629 2219 788 2316 ηύξήσατε
811 2219 938 2314 ρύματα
963 2219 1072 2302 δόντες

252 2339 320 2406 Καὶ
344 2336 399 2406 ded
423 2345 520 2407 τοῦτο
544 2337 645 2432 κακὴν
668 2337 773 2424 ἴσχετε
797 2335 1000 2430 όονλοσόνην.

249 2449 359 2540 ‘rpus
382 2448 459 2535 daig
482 2456 541 2541 μὲν
565 2456 700 2535 ἕκαστος
724 2449 897 2535 ἀλώπεκος
921 2453 1021 2538 ἴχνεσι
1044 2453 1151 2542 βαίνει

254 2575 429 2656 Σνμπᾶσιν
452 2567 560 2657 δ’ύμῖν
582 2577 706 2662 κοῦφος
730 2567 833 2639 ἔνεστι
857 2568 931 2650 νόος

254 2685 311 2767 Εἷς
335 2685 393 2777 γὰρ
418 2689 567 2774 γλῶσσαν
591 2683 686 2778 ὁρᾶτε
709 2687 765 2754 καὶ
789 2686 836 2767 εἰς
859 2683 941 2767 ἔπος
965 2685 1077 2754 αἰόλον
1101 2682 1217 2776 ἀνδρὸς

254 2802 311 2882 Εἰς
336 2801 427 2892 ἔργον
451 2798 543 2870 oridia
566 2800 732 2890 γινόμενον
755 2803 904 2890 βλέπετε.

253 2961 404 3046 Uterque
433 2983 453 3026 a
476 2961 598 3028 Solone
626 2961 688 3028 hos
716 2983 834 3027 versus
858 2961 1042 3026 »Pisistrato
1072 2961 1139 3028 iam
1169 2967 1315 3047 tyranno

145 3075 300 3142 conditos
336 3099 409 3142 csse
443 3071 630 3160 tradiditl)
680 3077 732 3144 Ac
766 3082 924 3164 quattuor
951 3077 1079 3164 priores
1107 3099 1224 3144 versus
1252 3075 1315 3142 hoc

144 3190 260 3256 verbis
284 3183 491 3270 nenda-‘lora
517 3183 686 3279 η’·ξησατε,
711 3185 815 3271 ἴσχετε
838 3193 924 3259 bene
941 3193 1152 3260 confirmant.
1189 3193 1315 3261 Versus

255 3459 353 3526 l),ofr.
373 3459 499 3514 Leutseh
518 3460 536 3514 l.
555 3460 573 3514 l.
592 3477 619 3531 p.
641 3460 698 3514 139.
721 3489 751 3498 -
782 3459 937 3530 „Plutarch
966 3459 1048 3514 fiihrt
1077 3459 1121 3516 die
1149 3457 1257 3514 Stellen
1285 3475 1316 3512 so

146 3546 313 3618 nachlttssig
332 3549 391 3602 und
410 3548 610 3604 verstiimmelt
629 3567 674 3618 an,
695 3549 761 3603 dass
774 3549 851 3604 seina
865 3549 967 3603 Lesart
980 3548 1061 3603 nicht
1080 3548 1184 3603 einmal
1204 3548 1253 3601 fiir
1272 3547 1317 3602 die

147 3637 205 3692 alte
224 3637 387 3707 angeschen
406 3639 521 3694 werden
540 3637 630 3692 darf.“
668 3637 703 3692 cf.
723 3639 806 3692 Blass
825 3637 948 3693 Hermes
967 3638 1023 3694 XV
1042 3656 1067 3709 p.
1087 3637 1147 3692 369.

254 3762 282 3834 2)
301 3763 463 3818 Nonnullae
473 3763 610 3818 lectiones
623 3764 698 3834 apud
713 3769 867 3834 utrumque
877 3763 1059 3818 librariorum
1071 3764 1155 3834 culpa
1165 3767 1317 3834 corruptae

147 3857 223 3908 sunt.
261 3853 347 3908 Velut
366 3870 392 3906 v.
414 3853 428 3906 1
450 3845 584 3924 ὑμετέραν
602 3853 678 3924 apud
691 3852 848 3906 Diodorum
867 3871 919 3924 pro
939 3845 1070 3924 ύμετέρην
1082 3870 1109 3906 v.
1122 3853 1147 3906 2.
1166 3843 1205 3924 μὴ
1225 3856 1317 3904 :lecina

148 3935 247 4007 ταύτην
264 3959 316 4013 pro
335 3934 373 4013 μή
393 3961 417 3994 τι
431 3947 507 4000 (τεοῖς
525 3935 627 3996 τούτοιν
646 3947 675 3997 et
693 3943 751 4000 v.4
769 3942 845 4015 apud
857 3942 941 4013 Diog.
955 3943 1026 4010 ἔχετε
1046 3959 1099 4013 pro
1118 3942 1209 4010 ἔσχετε
1229 3945 1316 3996 extat.

256 4067 284 4134 3)
303 4067 357 4120 Ex.
377 4067 413 4120 H.
433 4066 545 4121 Flachii
572 4066 677 4122 iudicio
707 4067 821 4134 (dasch.
851 4067 901 4122 der
924 4085 966 4138 gr.
991 4065 1082 4137 Lyrilr
1106 4067 1144 4136 Π,
1167 4065 1318 4137 Thbingen

151 4155 220 4210 1884
238 4173 264 4226 p.
278 4155 330 4210 374
349 4173 414 4211 ann.
434 4153 462 4225 2)
482 4156 646 4227 fragmenta
659 4157 747 4210 9—12
760 4175 795 4211 ex
808 4175 866 4210 una
879 4155 971 4227 elegia
984 4161 1100 4227 sumpta
1112 4160 1189 4210 sunt.
1217 4155 1317 4226 Neque

149 4249 247 4300 tamen
265 4245 295 4298 in
315 4244 450 4299 carminis
463 4245 635 4316 fragmentis
649 4245 824 4316 exponendis
837 4263 863 4300 v.
875 4245 901 4299 d.
915 4245 971 4300 sibi
989 4243 1128 4300 constitit.
1148 4244 1195 4311 (of.
1206 4263 1233 4316 p.
1244 4245 1317 4311 375).

149 4333 192 4388 Ac
210 4332 371 4405 neglexisse
393 4333 540 4403 videatur,
569 4353 627 4388 non
655 4334 740 4388 modo
768 4335 924 4389 secundum
952 4334 1112 4405 Diogenem
1141 4333 1175 4404 (Ι,
1195 4331 1249 4404 52),
1268 4333 1318 4387 sed

150 4423 278 4477 omnium
307 4440 447 4478 consensu
474 4423 605 4490 (Diodori
624 4429 652 4478 et
671 4423 833 4491 Plutarchi)
862 4441 962 4478 uersus
987 4424 1056 4477 1-4
1078 4421 1232 4478 Pisistrato
1260 4421 1318 4478 iam

150 4517 275 4582 tyranno
294 4513 387 4568 factos
406 4529 475 4568 esse.
