3086 5134
743 309 954 406 ,11-

263 526 354 591 10101
377 525 462 591 Coos
487 530 521 590 et
544 524 697 590 Milesios
726 523 869 588 conflato
896 521 1093 610 Apollinem
1120 521 1325 608 Delphicum
1354 545 1430 590 000-

264 642 330 708 0011
363 641 501 728 placuit.
560 639 627 706 Sed
661 639 827 726 Diogenis
863 639 970 703 oratio
1005 638 1047 703 de
1082 639 1145 702 hac
1173 661 1209 702 10
1238 661 1257 702 0
1284 637 1431 703 Diodoro

264 758 374 824 aliena
397 762 457 822 est.
504 755 618 840 Atque
642 756 715 842 ipse
739 763 918 840 sequentes
942 755 984 819 de
1007 755 1073 820 alio
1098 760 1233 819 auctore
1258 753 1431 840 depromp-

262 880 315 940 tas
351 896 424 938 esse
459 871 590 938 fabulas
626 871 752 936 diserte
788 870 885 935 dixit.
942 870 1111 935 Diodorus
1147 878 1261 935 autem
1287 893 1369 936 num
1398 871 1433 934 in

265 989 417 1054 Thaletis
435 989 510 1054 vita
525 989 608 1052 alias
625 987 796 1054 addiderit
812 986 854 1051 de
874 987 933 1051 1110
950 985 1091 1070 fabulas,
1117 986 1213 1050 velut
1233 987 1270 1051 in
1285 987 1431 1070 Biantis,

263 1105 301 1170 in
328 1104 439 1170 medio
467 1103 729 1190 relinquendum
757 1109 817 1168 001.
865 1103 939 1168 Ηο0
966 1125 1027 1190 pro
1057 1108 1147 1168 00110
1170 1094 1288 1167 haberi
1311 1109 1432 1188 potest,

265 1220 418 1286 Thaletis
434 1220 552 1305 vitam,
577 1242 780 1305 quamquam
802 1219 935 1284 nullum
960 1218 1002 1283 de
1026 1241 1064 1282 00
1086 1225 1179 1284 extat
1195 1217 1433 1302 fragmentum,

263 1360 284 1402 a
305 1336 455 1402 Diodoro
479 1335 650 1422 depictam
674 1358 756 1400 esse.
802 1336 837 1400 Is
866 1335 957 1400 enirn
987 1357 1004 1398 e
1031 1357 1172 1400 0001010
1207 1334 1274 1399 1011
1308 1356 1432 1419 001001,

265 1453 323 1540 qui
357 1451 543 1518 secundum
577 1451 822 1516 Dicaearchum
857 1451 981 1531 (Laert.
1011 1451 1112 1535 Dicg.
1136 1451 1163 1533 1,
1192 1449 1247 1530 41)
1284 1450 1435 1514 01001001

265 1591 431 1635 00000000
454 1568 624 1656 sapientes
648 1567 757 1632 habiti
781 1572 869 1632 sunt.
913 1567 1036 1630 Nullus
1060 1572 1175 1630 autem
1200 1566 1327 1650 dubito,
1353 1566 1435 1650 quin

266 1684 468 1770 fragmenta,
493 1707 578 1770 quae
603 1683 645 1748 ad
661 1683 821 1749 Solonem
845 1688 1000 1770 spectant
1024 1681 1067 1766 (1,
1081 1683 1111 1766 3,
1124 1684 1147 1746 4
1153 1707 1160 1765 3
1178 1683 1207 1766 2,
1225 1684 1253 1767 1,
1267 1683 1297 1767 2,
1311 1683 1342 1767 3,
1354 1683 1385 1766 4,
1400 1683 1433 1766 55

264 1803 294 1886 3,
323 1803 354 1886 13
382 1802 409 1884 1,
435 1801 468 1880 2)
493 1823 534 1865 ex
558 1799 757 1864 00110011110
781 1798 890 1883 10010,
921 1820 985 1884 quo
1010 1797 1051 1862 de
1076 1799 1196 1863 ceteris
1221 1798 1432 1886 sapientibus

264 1915 521 2003 deprompserit.

813 2103 886 2180 §2

371 2265 472 2330 Nunc
495 2269 610 2350 restat,
634 2259 673 2329 ut
697 2263 738 2329 de
761 2263 953 2348 fragmento
976 2263 999 2328 4
1021 2265 1077 2329 vel
1101 2263 1191 2348 quod
1214 2262 1357 2327 eandem
1380 2286 1435 2328 ex·
1521 2293 1522 2304 ¹

266 2380 363 2446 hibet
384 2403 465 2465 rem,
490 2381 531 2444 21
557 2381 771 2445 disseramus.
814 2379 872 2444 An
895 2379 1024 2444 Maium
1049 2386 1083 2444 et
1106 2378 1296 2444 Kluberum
1320 2401 1437 2467 seque·

265 2519 355 2581 mur,
392 2497 451 2581 qui
478 2495 561 2561 haec
589 2496 833 2582 eclogariorum
861 2496 961 2582 culpa
970 2530 976 2574 ‡
987 2495 1132 2582 repetita
1160 2502 1274 2559 extare
1299 2502 1437 2560 conten-

266 2611 409 2678 derunt?
454 2613 550 2676 Haec
573 2612 723 2676 virorum
747 2611 923 2676 doctorum
949 2610 1179 2695 ratiocinatio,
1214 2634 1315 2698 quam
1348 2611 1436 2677 levis

266 2733 301 2793 01
335 2727 446 2793 1011110
482 2728 537 2812 011,
572 2750 674 2814 supra
709 2727 940 2792 disseruimus
995 2726 1047 2792 Ae
1078 2726 1251 2822 Diodorus
1289 2750 1365 2791 cum
1400 2727 1438 2790 10

266 2844 467 2930 fragmentis
492 2841 627 2928 (1-15)
652 2867 671 2908 a
695 2843 831 2909 Solonis
854 2843 1027 2931 profectus
1050 2843 1123 2908 vita
1147 2847 1280 2928 septem
1297 2842 1437 2928 Sapien-

265 2967 339 3024 tum
374 2959 504 3025 fabulas
539 2959 758 3046 narravisset,
794 2959 987 3046 fragmento
1022 2959 1062 3023 16
1096 2958 1139 3024 ad
1169 2958 1311 3042 bellum,
1349 2957 1439 3043 quod

266 3080 415 3158 vocatur,
441 3098 572 3140 sacrum
594 3076 741 3142 transiit.
792 3076 835 3140 In
863 3075 1053 3160 fragmento
1084 3075 1139 3159 19,
1173 3079 1212 3138 01
1246 3073 1439 3158 fragmenta

266 3189 325 3255 illa
349 3189 486 3276 quidem
514 3213 584 3256 non
612 3191 653 3256 de
681 3192 851 3278 excerptis
880 3191 1078 3278 deprompta
1103 3189 1162 3254 sed
1186 3190 1226 3254 ab
1251 3190 1438 3256 editoribus

267 3306 383 3372 addita
406 3307 576 3392 omittam,
610 3307 651 3372 de
679 3307 871 3373 Phalaridis
894 3307 1078 3393 tyrannide
1103 3305 1318 3392 disceptavit.
1364 3306 1439 3371 Iam

265 3445 346 3487 vero
362 3423 400 3486 in
416 3422 609 3509 fragmento
626 3425 667 3488 21
686 3423 820 3490 Solonis
838 3423 968 3487 exitum
984 3430 1019 3488 et
1034 3422 1208 3487 Pisistrati
1219 3421 1439 3506 tyrannidem

266 3538 409 3624 primam
433 3539 576 3604 10110111.
614 3540 763 3604 Etenim·
777 3541 865 3604 hanc
888 3540 1128 3622 narrationem,
1153 3560 1253 3624 quarn
1277 3542 1377 3602 antea
1400 3539 1438 3603 in

267 3653 459 3740 fragmento
486 3656 509 3719 4
538 3663 871 3740 commemoraverat,
910 3679 987 3720 0001
1021 3655 1064 3719 ad
1091 3655 1219 3720 iustum
1246 3660 1439 3741 temporum

267 3769 394 3835 rediret
417 3770 584 3855 ordinem,
614 3795 633 3836 a
661 3794 726 3856 quo
750 3772 811 3838 has
835 3771 965 3838 fabulas
990 3771 1190 3857 explicando
1214 3770 1439 3854 aberraverat,

267 3885 391 3950 iterum
415 3908 555 3970 eamque
579 3887 769 3951 accuratius
792 3887 976 3974 protulisse
999 3885 1145 3951 videtur.
1191 3887 1440 3971 Fragmentum

203 4014 206 4020 '
266 4007 381 4066 001001
405 4009 562 4088 quartum
586 4025 627 4067 ex
651 4001 769 4067 eodem
792 4002 898 4088 fonte,
923 4025 988 4089 quo
1012 4025 1127 4068 omnes
1152 4001 1194 4066 de
1218 3993 1348 4088 septer'n
1369 4001 1438 4066 illis

265 4116 412 4203 fabulas,
446 4119 603 4184 haustum
639 4141 726 4202 esse,
764 4142 782 4182 e
817 4120 905 4204 1000,
940 4141 1005 4204 quo
1041 4124 1147 4202 extat,
1188 4123 1342 4203 apertum
1377 4124 1439 4182 est.

265 4236 392 4319 Magna
414 4241 528 4300 autem
552 4242 603 4300 est
626 4235 790 4320 quaestie,
814 4258 897 4300 num
920 4235 977 4300 ille
1001 4233 1232 4320 fragmentum
1248 4235 1289 4297 21
1315 4232 1439 4298 dehoc

268 4350 385 4415 eodem
420 4356 556 4416 auctore
591 4351 847 4437 deprompserit.
916 4351 1030 4434 Atque
1063 4355 1104 4414 ut
1137 4349 1329 4434 fragmenta
1364 4349 1440 4434 ipsa

267 4462 423 4547 (21014)
447 4466 706 4552 haudquaquam
729 4468 820 4533 inter
843 4489 879 4530 se
896 4466 1099 4550 discrepant,
1125 4466 1172 4529 ita
1193 4465 1230 4529 in
1246 4463 1439 4549 fragmento
