3086 5134
726 161 796 246 Ι14

195 379 288 446 enim
322 379 380 445 illa
403 403 423 444 a
444 378 677 446 Phocensibus
700 403 811 465 neque
845 379 995 446 aGallis
1019 379 1094 467 rapi
1116 402 1224 468 posse.
1270 381 1359 448 Pho-

195 497 347 562 censium
388 495 525 580 quidem
560 496 649 562 bella
682 497 840 583 Ephorus
875 517 1077 581 quamquam
1112 497 1149 562 in
1182 504 1361 584 perpetuas

195 613 353 678 historias
386 634 457 678 non
490 612 633 699 recepit,
669 619 786 677 tamen
820 611 857 676 in
884 618 1080 676 transcursu
1103 635 1362 680 commemorare

195 729 321 814 potuit3
347 729 438 794 Galli
465 750 546 792 vero
574 733 650 813 post
673 728 746 792 eins
774 734 919 792 aetatem
942 727 980 792 in
1003 728 1246 815 Delphioorum
1269 752 1363 796 saera

195 849 404 910 invaserunt.
444 843 508 908 His
532 843 700 908 decausis
724 843 915 908 Klueberus
931 843 995 908 hoc
1011 843 1241 930 fragmentum
1264 841 1309 930 (9,
1327 841 1362 929 3)

196 959 387 1026 aDiodoro
422 958 577 1024 additum
612 981 685 1024 esse
720 959 849 1024 statuit.
900 959 1066 1045 Perpauoi
1100 968 1213 1026 autem
1245 967 1363 1028 extant

195 1075 286 1162 apud
308 1075 399 1140 hunc
422 1076 502 1160 1001,
531 1075 652 1159 quibus
675 1075 734 1138 ille
756 1097 810 1139 res
833 1075 1019 1161 posteriore
1043 1083 1152 1142 aetate
1176 1083 1300 1164 gestas,
1323 1084 1364 1142 ut

195 1214 279 1276 quae
296 1197 486 1277 exponeret,
504 1191 699 1276 illustraret,
717 1190 933 1277 exprompsit.
969 1190 1022 1256 Ac
1037 1197 1109 1256 tota
1132 1191 1169 1256 in
1192 1192 1246 1258 his
1270 1191 1362 1278 frag-

194 1307 319 1372 mentis
335 1307 549 1372 ratiocinatio
566 1306 622 1389 (cf.
641 1308 694 1390 9,2
718 1306 760 1371 de
775 1303 931 1389 Platone)
947 1307 1057 1392 magis
1073 1307 1361 1394 philosophorum,

196 1445 297 1509 qnam
319 1423 556 1489 historicorum
579 1423 708 1488 redolet
730 1445 828 1488 usum
852 1445 889 1486 ao
913 1423 1100 1490 scientiam.
1146 1423 1221 1488 Hoc
1243 1429 1363 1489 tenen-

196 1538 277 1604 dum
300 1546 360 1624 est,
386 1539 452 1604 duo
475 1539 538 1604 hoo
561 1539 634 1604 loeo
658 1537 851 1624 fragmenta
874 1537 1064 1623 discrepare
1087 1537 1128 1605 ab
1151 1539 1298 1626 Ephoro

302 1655 395 1734 Quae
412 1655 549 1740 quidem
573 1654 614 1720 de
630 1655 763 1719 Pittaco
780 1659 897 1718 extant
913 1653 1105 1738 fragmenta
1128 1652 1243 1740 <1213
1266 1657 1300 1738 2;
1318 1654 1363 1740 3),

196 1793 236 1836 ea
259 1793 335 1836 eum
363 1770 552 1836 fabularum
576 1770 671 1854 serie,
700 1777 774 1835 tum
801 1769 915 1835 verbis
943 1769 1028 1856 ipsis
1051 1770 1176 1836 mirum
1199 1777 1364 1855 quantum

196 1887 392 1973 conspirant
426 1887 586 1971 cumeis,
621 1909 706 1972 quae
729 1887 900 1971 Diogenes
925 1882 970 1970 (1,
988 1886 1007 1949 7
1010 1886 1040 1970 5,
1065 1885 1127 1972 sq.)
1152 1886 1363 1970 (1οΡ1111000,

194 2003 389 2088 legislatore
412 2003 470 2067 1110
494 2001 668 2087 Lesbiaco,
692 2003 835 2067 rettulit.
882 2003 1129 2086 Fragmentum
1153 2004 1291 2088 quidem
1321 2005 1363 2068 12

196 2119 341 2204 easdem,
366 2141 447 2205 quas
471 2118 528 2183 hio
551 2119 588 2182 in
610 2118 738 2184 Pittaci
759 2119 832 2183 vita
854 2117 1006 2202 tradidit,
1031 2119 1198 2204 respicere
1221 2119 1363 2206 fabulas,

194 2258 294 2300 nemo
328 2235 455 2300 infitias
490 2234 565 2299 ibit.
611 2234 743 2300 Fabula
777 2240 899 2320 autem,
929 2257 1030 2320 quam
1053 2234 1246 2321 fragmenta
1269 2237 1363 2302 exhi-

195 2352 287 2438 bent,
310 2352 419 2438 prima
443 2350 484 2416 ab
501 2351 576 2416 aliis
600 2373 713 2416 rerum
729 2351 948 2436 scriptoribus
964 2351 1063 2416 aliter
1071 2345 1097 2435 1)
1121 2360 1276 2418 enarrata
1299 2361 1361 2418 est.

198 2467 377 2534 Sosicratis
412 2468 502 2554 apud
524 2468 716 2552 Diogenem
749 2462 851 2549 (Lib)
885 2467 1033 2532 narratio
1068 2489 1271 2553 quamquam
1294 2489 1365 2534 non

196 2585 297 2670 plane
321 2584 479 2668 congruit
502 2605 578 2648 cum
593 2583 736 2648 Diodori
759 2581 881 2668 fabula,
905 2583 962 2648 vel
985 2582 1027 2648 ob
1051 2583 1088 2647 id
1108 2583 1279 2649 afferenda
1302 2591 1364 2670 est,

198 2699 287 2784 quod
321 2708 463 2785 uterque
496 2699 576 2765 huic
600 2699 713 2765 fabula
736 2700 795 2764 ffla
818 2699 859 2764 de
882 2699 1010 2765 Pittaci
1033 2700 1129 2785 soit0,
1155 2723 1219 2786 quo
1244 2701 1364 2766 Croesi

196 2821 411 2879 recusaverat
434 2815 530 2900 dona,
556 2817 716 2882 annectit.

241 2930 396 2994 Diodor.
418 2933 468 3016 12,
485 2933 519 2995 2:
539 2920 619 2993 “Ori
636 2923 730 3009 ου’μ-
882 2931 996 3017 Diog.
1020 2933 1046 3016 I,
1073 2933 1129 2996 75:
1154 2921 1366 3016 Σωσικράτης

197 3065 303 3130 φιυνα
327 3037 481 3120 τούτοις
509 3038 639 3128 ἔπραξε,
667 3040 724 3106 καὶ

195 3153 281 3246 πρὸς
300 3161 443 3246 Κροῖσον
459 3153 592 3222 διδόντα
608 3161 673 3222 τῶν
689 3156 725 3222 ἑκ

196 3277 255 3338 τοῦ
278 3271 536 3363 γαζοφυλακείου
550 3269 724 3362 χρημάτων

197 3388 309 3473 λαβεῖν
333 3383 444 3456 ὁπόσα
459 3385 622 3475 βούλοιτο.
659 3388 727 3455 Καὶ

198 3500 258 3593 γάρ
274 3501 348 3571 τότε
360 3503 418 3595 τὴν
434 3503 557 3596 δωρεὰν
570 3499 606 3571 οὐ
623 3528 726 3594 προο-

197 3615 369 3703 ὅεξοὶμενόν
384 3644 485 3711 φασιν
508 3619 624 3688 εἰπεῖν·
650 3621 726 3688 Καὶ

197 3739 260 3800 νῦν
276 3733 375 3818 ἔχειν
392 3724 440 3802 ὧν
456 3731 574 3827 ἤθελε
591 3735 733 3804 διπλα-

198 3872 273 3916 σια.
329 3849 563 3937 θαυμάσαντος
597 3853 632 3919 δὲ
671 3859 729 3920 τοῦ

197 3964 343 4056 Κροίοοο
358 3965 417 4059 τὴν
437 3967 651 4060 φιλαργυρίαν
674 3968 731 4036 καὶ

833 3039 869 3106 δέ
883 3064 992 3132 φησιν,
1007 3037 1057 3108 ὅτι
1076 3037 1185 3129 ὀλίγον
1198 3037 1365 3126 ἀποτεμό-

831 3183 926 3241 μενος
950 3155 1012 3248 tipo
1037 3157 1074 3225 τὸ
1091 3153 1191 3249 ἥμισυ
1207 3163 1265 3226 τοῦ
1281 3185 1365 3224 παν-

830 3271 887 3352 τὸς
916 3276 1033 3340 πλεῖον
1056 3268 1150 3341 εἶναι·
1176 3270 1275 3340 ἀλλὰ
1299 3275 1366 3341 καὶ

835 3388 978 3480 Κροίσου
989 3387 1138 3470 διδόντος
1146 3388 1297 3482 χρήματα
1308 3385 1366 3458 οὐκ

835 3505 966 3584 ἐδέξατο
1010 3503 1124 3588 εἰπών,
1171 3505 1274 3591 ἔχειν
1317 3494 1367 3573 ὧν

834 3616 1366 3707 ἑβούλετοόιπλάσια·ἅπαι-

842 3739 907 3817 dog
934 3735 1003 3828 γάρ
1031 3733 1227 3830 τάδελφοῦ
1258 3740 1366 3805 τελευ

835 3851 1025 3944 tricentos
1079 3857 1366 3946 κεκληρονομη-

837 3969 956 4038 κέναι.

305 4249 332 4322 1)
357 4249 416 4306 cfr.
439 4249 510 4322 Aeg.
530 4250 660 4322 Menagii
685 4249 795 4307 observ.
819 4250 850 4306 in
869 4251 965 4306 Laert.
984 4249 1069 4322 Diog.
1088 4247 1111 4320 Ι,
1131 4250 1166 4304 75
1194 4247 1231 4322 (p.
1251 4251 1303 4306 249
1322 4250 1365 4306 ed

199 4338 347 4412 Huebner)
366 4342 442 4398 Plut.
462 4341 496 4395 de
515 4341 583 4395 Her.
603 4342 669 4397 mal.
690 4358 713 4395 c.
734 4341 775 4398 15.
