3086 5134
688 269 730 338 35

605 361 818 371 ——Q--d

125 489 313 577 contendit,
337 496 376 555 ut
399 487 513 555 omnia
536 511 579 554 ex
601 488 718 555 eodem
740 495 875 555 auctore
892 487 1091 576 deprompta
1107 511 1179 552 esse
1195 508 1296 575 appa-

123 612 224 672 reret.
262 607 453 692 Utrumque
476 612 590 671 autem
613 606 722 691 magis
747 605 911 670 iudicium
935 591 1035 690 quam
1059 609 1297 690 argumentum

124 723 263 789 videtur
286 745 368 788 esse.
404 724 479 788 Hoc
502 722 614 809 ipsum
639 723 730 786 enirn
753 721 934 808 quaeritur,
959 744 1024 806 qua
1047 721 1179 787 ratione
1200 721 1296 786 Plut-

126 839 246 906 archus
256 832 280 921 ¹)
304 845 467 924 auctores,
493 837 615 924 quibus
637 861 718 903 usus
743 845 803 922 est,
828 837 1044 902 adhibuerit:

148 941 153 952 ⁵
172 1019 176 1024 .
232 955 306 1020 lam
318 955 534 1042 perspicuum
552 953 624 1020 fore
641 976 738 1040 spero
754 954 843 1040 nihil
859 976 941 1039 0000,
960 953 1049 1038 quod
1065 953 1247 1019 Plutarcho
1260 953 1298 1018 in

125 1071 282 1136 versibus
295 1071 429 1137 Solonis
442 1071 579 1136 traditis
596 1069 698 1135 fidem
712 1070 911 1154 derogemus
924 1076 983 1134 aut
998 1092 1161 1155 negemus
1178 1068 1219 1134 ab
1235 1070 1298 1135 hoc

126 1209 145 1251 e
162 1187 368 1252 carminibus
381 1186 526 1272 integris
538 1209 656 1252 versus
674 1186 891 1273 depromptos
908 1175 1025 1270 esse.²)
1051 1185 1124 1262 Quo
1141 1207 1298 1252 concesso

125 1301 189 1368 hoo
218 1302 381 1368 affirmari
408 1308 536 1389 potest,
565 1325 584 1367 a
607 1303 762 1388 Diogene
786 1308 820 1367 00
843 1301 993 1367 Diodoro
1019 1301 1152 1367 Solonis
1180 1323 1298 1368 versus

126 1451 169 1471 -÷
197 1417 234 1482 id
261 1419 351 1503 quod
379 1441 494 1485 eorum
522 1441 706 1484 consensus
734 1418 948 1505 apertissime
976 1417 1148 1504 significat
1179 1454 1220 1462 -
1257 1439 1299 1482 ex

126 1533 246 1599 eodem
269 1520 367 1599 fonte
381 1535 596 1621 depromptos
613 1557 694 1600 0000.
726 1535 800 1599 lam
817 1540 970 1620 apertum
987 1540 1048 1618 est,
1065 1533 1297 1619 fragmentum

126 1651 169 1715 21
187 1673 228 1714 ex
243 1650 380 1736 Ephoro
396 1673 465 1716 000
487 1650 635 1718 fluxisse.
666 1651 753 1717 Nam
770 1651 942 1736 Diogenes
964 1673 1006 1714 ex
1021 1648 1265 1716 Alexandrinis
1273 1645 1299 1734 3)

126 1787 187 1852 per
214 1771 267 1832 000
293 1766 422 1834 rivulos
450 1767 587 1853 pendet.
633 1765 748 1852 Atque
772 1789 792 1832 a
814 1766 962 1832 Diodoro
990 1789 1125 1852 prorsus
1150 1766 1299 1832 alienum

126 1889 180 1948 est
203 1904 222 1946 0
245 1881 450 1948 carminibus
479 1882 679 1967 diligentius
709 1905 902 1969 excerpere,
938 1904 1024 1968 quae
1052 1881 1095 1947 ad
1122 1881 1300 1948 historiam

125 1998 311 2086 pertinent.
342 1998 463 2084 Itaque
486 1997 716 2083 fragmentum
740 2000 781 2064 21
807 2021 1010 2084 quamquam
1034 2021 1111 2063 cum
1131 1997 1299 2083 Diogenis

125 2115 321 2180 narratione
349 2115 525 2202 paululum
554 2115 738 2202 discrepat,
769 2116 819 2196 (ut
846 2113 937 2180 infra
960 2111 1150 2202 explicabo)
1183 2121 1300 2180 tamen

127 2253 171 2297 ex
195 2231 313 2296 eodem
337 2229 431 2296 fonte
454 2231 592 2296 fluxisse
614 2237 711 2316 pute,
747 2254 765 2296 e
794 2253 858 2318 quo
888 2237 1019 2296 ceterae
1048 2230 1299 2317 0000003001-

127 2353 247 2412 entum
271 2347 361 2435 apud
383 2347 571 2412 Diodorum
594 2346 737 2433 tabidae,
762 2353 926 2433 quantum
950 2370 1027 2413 oum
1042 2347 1196 2432 Diogene
1220 2369 1298 2412 con-

126 2463 292 2530 sentiunt.

237 2709 264 2783 1)
284 2711 398 2768 Confer.
422 2710 562 2765 Adolfum
589 2710 727 2781 Schmidt,
756 2710 782 2764 d.
802 2710 989 2782 perilleische
1017 2709 1155 2766 Zeitalter
1182 2710 1238 2766 vol.
1260 2708 1298 2781 Π,

124 2820 155 2876 p.
175 2801 210 2855 47
230 2819 270 2872 sq.
291 2801 423 2872 00049.
449 2799 727 2870 „Nichthistorische
751 2800 1049 2871 01001100001100000,
1071 2799 1252 2855 sekundttren
1271 2819 1298 2854 u.

125 2889 268 2945 tertiaren
287 2889 405 2960 Ranges
423 2889 501 2944 nieht
513 2889 653 2944 Plutarch
672 2889 732 2944 fast
744 2889 790 2944 bei
806 2890 889 2960 jeder
900 2889 1223 2960 Lebensbeschreibung
1236 2889 1300 2944 sub-

126 2979 282 3034 sidiarisch
300 2997 352 3033 aus
370 2979 426 3033 den
444 2978 695 3034 verschiedensten
714 2978 854 3033 Gebieten
873 2979 924 3033 der
941 2979 1103 3033 Litteratur
1121 2978 1245 3033 herbei.“

237 3083 265 3158 2)
285 3087 320 3141 Ιο
349 3086 562 3157 comparatione
590 3086 701 3140 Solonis
721 3104 743 3142 c.
767 3085 922 3156 Poplicola.
951 3104 973 3140 c.
995 3088 1018 3141 1.
1047 3086 1160 3140 Tellum
1188 3084 1301 3140 Solonis

127 3174 307 3230 carminibus
324 3193 384 3230 000
401 3175 598 3247 praedicatum
618 3193 679 3230 esse
691 3175 866 3230 Plutarchus
886 3175 991 3229 diserte
1009 3174 1090 3229 dixit.
1118 3175 1221 3229 Nonne
1234 3192 1300 3230 con·

127 3270 300 3320 000000ουῐο
319 3270 371 3334 000,
391 3265 495 3319 abillo
515 3283 530 3319 0
548 3283 600 3319 000
618 3264 709 3336 100100
729 3264 848 3319 seientia
867 3263 938 3319 haec
956 3265 1063 3318 hausta
1082 3262 1162 3318 esse?

238 3372 267 3443 3)
287 3372 468 3442 Quamquam
495 3371 551 3426 hoc
578 3390 614 3426 ex
641 3371 878 3426 annotationibus
905 3370 1125 3426 stichometriois
1154 3367 1201 3441 (cf.
1220 3371 1254 3425 Ε.
1273 3389 1300 3426 v.

128 3460 267 3531 Leutsch,
285 3479 312 3532 p.
334 3459 395 3531 136)
415 3462 583 3515 concludere
602 3461 660 3515 iam
678 3461 830 3515 nonlicet.
860 3461 892 3518 E.
904 3459 1157 3531 Hillerus(Rhein.
1168 3459 1302 3516 Museum

128 3569 158 3606 v.
178 3550 221 3620 33,
239 3569 266 3621 p.
286 3548 349 3620 523)
377 3551 431 3604 has
450 3567 549 3605 omnes
568 3569 585 3604 a
603 3549 721 3604 Lobone
744 3550 828 3604 fictas
847 3567 908 3605 0000
927 3550 1145 3605 demonstravit.
1192 3551 1301 3604 Tamen

128 3638 260 3694 Hillere
283 3638 396 3693 Solonis
425 3639 599 3694 carminibus
628 3639 724 3694 omnia
752 3638 878 3710 exceptis
906 3639 964 3694 11110
992 3638 1199 3711 ,,δημηγορίιιι“
1224 3645 1302 3694 recte

130 3733 300 3783 enumerata
324 3745 384 3782 esse
403 3728 558 3783 contendit.
605 3729 669 3783 Hoc
688 3736 797 3783 certum
817 3734 868 3797 000,
897 3747 962 3783 oum
982 3747 997 3783 e
1015 3734 1077 3783 toto
1097 3746 1215 3798 conexu,
1238 3734 1302 3782 turn

132 3835 168 3872 ex
187 3816 287 3888 inepta
305 3815 525 3888 interpolatione
544 3815 748 3889 „dppwoptaia
776 3817 807 3871 10
827 3818 927 3872 eadem
946 3817 1064 3872 officina
1082 3818 1160 3872 huno
1177 3817 1302 3872 indicem

131 3905 304 3961 fabricatum
334 3923 403 3974 esse,
430 3907 462 3961 in
490 3924 547 3977 qua
575 3913 735 3961 ceterorum
765 3907 928 3978 sapientum
947 3907 1083 3962 carmina.
1122 3907 1302 3978 Quamquam

130 3993 234 4050 Lobon
253 3996 290 4049 ad
308 3995 370 4050 veri
388 3995 512 4066 speciem
525 3996 688 4067 augendam
701 3995 827 4066 genuina
839 3995 927 4050 indici
945 3995 1070 4050 inserere
1082 3996 1186 4068 potuit,
1205 4002 1303 4050 tamen

132 4103 220 4156 quam
238 4085 363 4139 multum
381 4102 481 4140 verum
501 4091 551 4139 aut
570 4084 671 4140 fiotum
689 4085 728 4139 sit
745 4084 802 4138 nisi
815 4085 864 4139 alii
876 4090 964 4140 testes
983 4087 1131 4154 accedunt,
1152 4084 1304 4139 diiudicari

131 4191 191 4228 000
210 4179 313 4244 potest.
351 4173 437 4227 Velut
456 4173 552 4246 000010
572 4193 609 4228 00
632 4168 716 4245 νόμοι
741 4174 812 4229 item
835 4192 852 4228 a
876 4173 993 4228 Lobone
1021 4174 1087 4228 hino
1114 4173 1202 4228 indici
1230 4174 1303 4228 salso

131 4262 234 4318 inserti
261 4261 329 4333 sint,
357 4279 531 4333 quamquam
559 4263 695 4318 Duncker
722 4263 777 4318 1.1.
806 4263 856 4333 VI,
885 4282 911 4335 0.
933 4265 986 4317 249
1015 4269 1043 4318 00
1070 4263 1107 4317 ib.
1128 4281 1193 4317 ann.
1213 4265 1230 4316 2
1248 4262 1304 4318 hoc

131 4370 249 4407 carmen
266 4369 365 4424 reapse
385 4369 402 4406 0
420 4351 523 4406 Solone
542 4351 652 4406 facturn
670 4370 732 4407 0000
750 4352 863 4407 statuit.
892 4353 928 4407 H.
948 4352 1038 4406 Flaoh
1056 4357 1132 4406 recte
1150 4353 1167 4406 l.
1181 4352 1198 4409 1.
1209 4371 1236 4425 p.
1248 4353 1303 4406 362

132 4459 200 4497 ann.
218 4441 236 4496 2
255 4439 407 4512 dubitavit,
435 4459 505 4496 num
531 4457 667 4497 numerus
687 4441 812 4513 quinque
830 4441 943 4496 milium
961 4459 1098 4498 versuum
1117 4458 1202 4496 verus
1221 4446 1303 4497 00000.

1109 4549 1144 4604 3*
