3086 5134
793 323 836 388 42

230 538 323 604 mina
350 539 475 625 sparsis
503 537 689 624 signifieat,
722 539 820 604 illum
843 528 1019 624 ἀρχηγέτην
1047 539 1198 605 coloniae
1221 562 1241 604 a
1264 561 1299 612 se
1324 562 1404 605 eon·

231 654 322 720 ditae
345 653 460 720 fuisse.
492 655 590 719 Hane
615 660 728 720 autem
751 677 824 720 rem
846 655 914 720 viri
937 654 1030 720 doeti
1052 655 1166 720 fiotam
1188 677 1260 720 esse
1276 656 1405 722 iniuria

230 777 416 836 autumant.
448 771 516 835 Hie
539 771 632 836 enim
655 771 713 836 ille
737 777 809 837 erat
832 794 923 856 usus,
948 794 966 836 e
991 794 1056 857 quo
1074 772 1196 837 Graeci
1217 771 1404 838 conditoris

230 909 315 972 ossa,
340 909 383 952 ne
408 909 473 972 qua
493 887 667 952 temeritas
683 887 861 954 hominum
876 888 1102 975 posteriorum
1118 893 1268 953 aetatum
1283 911 1404 974 rapere

229 1010 353 1090 posset,
386 1025 585 1088 quacunque
608 1004 740 1069 ratione
767 1004 948 1070 recondere
972 1003 1142 1070 volebant.
1189 1005 1263 1069 Hoe
1287 1010 1404 1069 autem

228 1119 270 1194 A.
295 1114 466 1202 Lobeek¹)
491 1120 589 1185 elaris
614 1120 779 1208 exemplis
803 1120 998 1185 illustravit.
1045 1121 1120 1185 Hoo
1147 1119 1239 1184 idem
1268 1119 1403 1185 Aristo-

229 1237 328 1321 telea,
362 1259 462 1322 quem
487 1237 664 1302 Cratinum
688 1237 798 1302 solum
822 1242 974 1302 seoutum
998 1259 1071 1301 esse
1094 1236 1181 1301 mihi
1203 1258 1405 1324 persuasum

230 1359 390 1438 nonest,
418 1353 602 1440 perspexit.
649 1353 980 1418 Haeo-ratiocinatio
1009 1353 1039 1417 si
1061 1375 1142 1418 vera
1166 1359 1227 1437 est,
1252 1358 1404 1438 apparet,

230 1469 390 1534 Solonem
424 1476 462 1534 ut
496 1458 673 1554 ἀρχηγέτην
701 1469 832 1534 insulae
860 1469 972 1534 minus
1000 1474 1155 1533 accurate
1179 1467 1405 1535 Salaminium

229 1585 436 1671 appellatum
452 1608 535 1651 esse.
573 1585 715 1650 Constat
731 1591 845 1650 autem
861 1579 1181 1671 significationem2)
1205 1585 1404 1650 colonorum

230 1724 306 1766 eum
329 1701 419 1788 apud
443 1707 591 1766 oratores
616 1702 728 1786 quarti
751 1701 887 1786 saeculi,
911 1708 984 1766 tum
1008 1701 1045 1765 in
1069 1700 1189 1766 edictis
1210 1699 1403 1766 Athenien-

230 1817 319 1882 sium
341 1817 532 1882 fluetuasse.
564 1817 661 1881 Idem
669 1811 693 1896 Β)
717 1817 824 1903 igitur
848 1817 946 1882 modo
970 1817 1174 1883 Salaminius
1198 1817 1298 1882 modo
1323 1805 1340 1877 ὁ
1365 1811 1405 1878 ἐκ

2 1973 3 1980 .
120 1973 124 1986 ·
229 1929 414 2012 Σαλαμῖνος
437 1933 536 1998 modo
562 1923 579 1994 ὃ
602 1922 782 2018 Ἀθηναῖος
807 1923 823 1993 ὃ
845 1925 904 2018 την
920 1930 1091 2012 Σαλαμῖνα
1114 1932 1278 1994 κατοικῶν
1301 1933 1404 1999 modo

229 2037 463 2128 ὁΣαλαμίνιος
484 2049 584 2114 modo
608 2049 707 2115 aliter
730 2049 918 2136 appellatus
941 2056 1002 2114 est.
1048 2049 1220 2114 Nimirum
1242 2048 1307 2114 hae
1331 2049 1404 2136 sig-

227 2164 441 2231 nificationes
465 2165 735 2231 dubitationibus
759 2173 794 2230 et
817 2164 987 2230 erroribus
1010 2164 1175 2230 obnoxiae
1198 2170 1287 2231 sunt.

228 2487 441 2498 ——-—-·-

227 2721 395 2791 Begemann
414 2723 555 2788 autumat,
584 2719 756 2790 aLyourgo
781 2718 858 2772 idem
876 2718 987 2772 factum
1007 2735 1077 2787 esse,
1105 2734 1142 2771 ne
1164 2718 1272 2773 mortui
1297 2737 1405 2791 eorpus

226 2809 258 2863 in
270 2809 395 2880 patriam
407 2809 601 2877 reveheretur,
620 2807 675 2862 hoe
688 2807 761 2862 nihil
771 2808 808 2861 ad
820 2824 882 2861 rem
892 2808 1005 2877 attinet,
1025 2825 1091 2862 eum
1100 2808 1253 2878 Lyeurgus
1264 2806 1311 2877 (ef.
1322 2809 1404 2864 Plut.

227 2899 297 2970 Lyo.
318 2916 341 2952 o.
361 2898 416 2969 29),
446 2897 522 2968 quod
540 2895 628 2951 Solon
646 2915 706 2951 non
724 2897 802 2967 feeit,
831 2897 909 2951 cives
927 2897 1111 2952 iureiurando
1131 2897 1342 2967 adstrinxisset,
1372 2916 1405 2954 se

225 2989 304 3059 leges
322 2992 488 3042 servaturos
507 3004 577 3056 esse,
597 2986 687 3041 donee
705 2986 820 3041 rediret.
869 2986 965 3057 Atque
995 2986 1188 3042 Aristocrates
1213 2987 1291 3054 (ibid.
1311 3005 1334 3042 e.
1354 2989 1404 3056 32)

227 3077 277 3148 qui
295 3076 405 3149 primus
424 3076 499 3130 hane
517 3093 578 3129 rem
598 3075 751 3145 protulisse
769 3075 893 3145 videtur,
917 3076 1046 3130 fabulam
1065 3075 1159 3146 finxit,
1188 3077 1218 3130 ni
1236 3077 1331 3147 fallor,
1352 3077 1404 3132 So-

226 3167 326 3220 loneae
344 3166 447 3220 mortis
465 3165 566 3219 instar.
603 3164 731 3219 Klueber
749 3183 776 3236 p.
796 3166 831 3218 29
849 3163 1003 3219 historiam
1022 3183 1121 3221 veram
1143 3183 1205 3220 esse
1224 3185 1404 3238 quamquam

226 3255 381 3327 perspexit,
400 3260 498 3308 tamen
516 3272 576 3308 non
595 3254 814 3311 demonstravit.

335 3399 362 3466 1)
381 3399 601 3470 Aglaophamus
619 3397 634 3450 I
652 3416 679 3469 p.
698 3398 759 3465 280,
781 3399 850 3452 1029
869 3416 935 3452 oum
953 3398 1009 3452 hoo
1022 3398 1177 3452 vPlutarchi
1196 3399 1258 3454 loeo
1278 3400 1404 3454 eontulit

227 3488 330 3543 Iustin.
343 3488 399 3558 III,
417 3489 497 3558 4,13‚
517 3487 566 3558 qui
575 3487 753 3541 Phalantum
765 3486 912 3542 veteribus
925 3487 1089 3542 Tarentinis
1101 3488 1277 3559 persuasisse
1292 3496 1403 3560 narrat,

227 3583 260 3632 ut
288 3595 353 3632 ossa
380 3595 433 3631 sua
461 3578 642 3631 contererent
670 3581 699 3631 et
725 3576 756 3630 in
783 3576 847 3630 foro
872 3577 990 3631 Tarenti
1018 3582 1194 3648 spargerent.
1239 3578 1302 3645 Quo
1321 3578 1403 3634 facto

227 3668 331 3739 Apollo
350 3667 429 3721 urbis
448 3666 671 3738 perpetuitatem
691 3665 831 3737 promisit.
869 3665 905 3720 of.
935 3667 1057 3720 eundem
1081 3666 1183 3735 Vlia
1207 3667 1242 3721 de
1263 3667 1404 3722 Perdiooa

226 3776 259 3812 ao
282 3756 422 3812 Horatius
446 3755 496 3826 (II,
516 3757 545 3822 6)
569 3755 696 3826 Tarenti,
716 3756 792 3827 quod
811 3756 949 3828 oppidum
974 3756 1006 3811 in
1025 3755 1135 3810 deliciis
1154 3756 1249 3826 habet,
1269 3757 1404 3812 favillam

227 3864 310 3900 suam
329 3845 428 3917 spargi
445 3845 534 3900 iubet.

333 3987 360 4060 2)
381 3987 415 4043 G.
429 3989 555 4044 Foueart
568 3989 586 4042 l.
600 3989 618 4043 l.
632 4009 659 4061 p.
670 3989 714 4058 36,
728 3990 788 4058 263,
801 3989 867 4058 264;
888 3987 925 4042 of.
945 3987 982 4043 U.
1003 3989 1037 4044 de
1055 3989 1404 4044 Wilamowitz-Moellen-

229 4079 302 4148 dorf,
321 4079 444 4133 Hermes
463 4077 530 4145 XII,
550 4098 576 4150 p.
597 4079 662 4148 3453
682 4077 715 4132 A.
736 4076 899 4146 Kirchhoff,
918 4077 1062 4132 Abhandl.
1083 4077 1133 4133 der
1152 4079 1227 4133 Berl.
1241 4077 1404 4135 Akademie

227 4169 309 4222 1874:
329 4168 384 4222 Die
403 4166 701 4239 Tributpfliohtigheit
719 4168 770 4222 der
788 4167 974 4222 Kleruohien.

333 4309 361 4382 3)
380 4311 462 4365 Idem
482 4310 634 4365 dicendum
653 4315 697 4364 est
715 4311 750 4364 de
769 4310 908 4382 Euripide
926 4309 1083 4364 Salaminio
1103 4309 1145 4379 (Ο.
1164 4311 1192 4367 J.
1213 4311 1261 4365 Gr.
1281 4312 1353 4366 6052
1372 4267 1404 4368 et

227 4401 326 4473 Eurip.
337 4401 388 4456 vit.
409 4394 541 4469 ἐγεννήθη
561 4397 619 4453 δ’ἒν
638 4404 781 4472 Σαλαμῖνι
800 4401 835 4454 de
854 4399 1001 4454 Simonide
1014 4400 1184 4471 Amorgino,
1203 4401 1238 4456 de
1251 4402 1405 4459 Herodoto

228 4491 345 4546 Thurio.
383 4489 434 4545 afr.
453 4491 530 4544 Plut.
551 4488 587 4546 de
606 4491 672 4545 mal.
692 4490 761 4546 Her.
782 4507 805 4545 e.
826 4491 869 4561 35,
888 4507 914 4561 p.
934 4489 986 4543 967
1005 4490 1038 4544 Ε.
1057 4489 1089 4544 F.
