3086 5134
362 627 484 692 Restat
507 633 545 691 ut
569 623 800 712 exquiramus,
835 649 982 713 quonam
1014 633 1149 692 auctore
1171 647 1252 690 usus
1276 625 1322 690 sit
1344 625 1432 690 Dio·
1531 645 1532 652 ¹

256 744 357 808 <lorus
386 744 423 807 in
452 743 505 807 his
533 742 657 808 fabulis
686 743 903 830 exponendis,
950 745 1053 808 Hune
1081 748 1194 807 autem
1224 741 1432 806 Alexandri-

256 865 377 924 norum
402 866 511 925 aetate
535 858 650 944 fuisse,
677 882 753 924 oum
777 883 795 924 e
819 882 987 925 consensu
1008 882 1084 925 oum
1100 859 1256 944 Diogene
1277 863 1431 944 apparet,

255 983 329 1041 tum
362 975 427 1040 hoo
461 975 635 1062 probatur,
672 975 761 1060 quod
788 977 846 1054 ille
874 977 1046 1041 neminem
1070 982 1201 1061 septem
1226 973 1432 1060 Sapientum
1532 969 1533 988 ¹

256 1093 378 1157 ceteris
395 1092 599 1179 anteposuit.
630 1092 718 1156 Nam
742 1092 808 1156 etsi
831 1092 868 1156 in
892 1090 1016 1156 fabulis
1040 1091 1082 1156 de
1105 1089 1240 1176 tripode
1264 1089 1432 1174 expositis

256 1208 484 1274 nonnullaab
508 1207 761 1293 exoerptoribus
785 1208 908 1273 omissa
932 1230 1005 1272 esse
1034 1229 1154 1293 negaS,
1190 1213 1305 1270 tamen
1338 1205 1432 1290 quod

256 1325 294 1389 in
317 1325 423 1419 altero
450 1323 642 1409 fragmento
670 1321 715 1408 (3,
739 1321 774 1406 3)
799 1325 929 1408 Soloni,
953 1324 1072 1388 Bianti
1100 1323 1138 1388 in
1166 1323 1271 1388 altero
1303 1322 1369 1404 (13,
1396 1321 1432 1401 2)

256 1441 368 1527 palma
391 1440 470 1504 data
499 1447 562 1524 est,
600 1441 663 1505 hoo
691 1447 845 1526 apertum
875 1446 935 1504 est.
983 1441 1108 1506 Omnes
1131 1439 1240 1524 igitur
1263 1445 1429 1522 auctores,

257 1557 316 1642 qui
343 1557 404 1620 has
433 1555 563 1620 fabulas
592 1578 650 1642 pro
682 1557 812 1641 patriae
841 1557 1019 1643 splendore
1053 1579 1092 1620 ao
1125 1556 1235 1640 gloria
1270 1554 1430 1640 augendo

256 1678 490 1756 narraverunt,
516 1672 738 1736 excludantur
760 1695 898 1737 neeesse
922 1680 983 1738 est.

363 1789 437 1852 Iam
471 1810 551 1853 vero
585 1787 773 1853 Diodorum
809 1788 839 1852 si
873 1811 949 1852 oum
983 1788 1139 1872 Diogene
1174 1786 1431 1870 contulerimus,

257 1903 444 1992 apparebit,
469 1903 510 1969 ab
535 1911 670 1969 auctore
693 1904 752 1968 illo
777 1904 914 1989 quidem
938 1911 1069 1990 septem
1092 1904 1168 1968 illos
1192 1925 1262 1968 non
1288 1903 1325 1966 in
1349 1924 1432 1966 con-

257 2027 365 2086 ventu
388 2022 443 2086 vel
468 2007 625 2086 convivio
650 2021 879 2104 colloquentes
903 2019 1000 2085 fictos
1017 2019 1076 2085 sed
1093 2020 1304 2106 singulorum
1319 2018 1433 2084 vitam

257 2159 434 2221 moresque
459 2136 661 2220 singillatim
685 2135 820 2221 depicta
842 2158 925 2200 esse.

365 2252 488 2317 Tribus
523 2252 669 2336 denique
703 2252 801 2336 looiS,
840 2251 961 2336 quibus
996 2252 1168 2336 Diogenes
1197 2257 1232 2316 et
1258 2249 1434 2315 Diodorus

258 2367 349 2432 idem
372 2367 535 2452 referunt,
560 2367 746 2432 Sosiorates
770 2391 790 2432 a
813 2368 968 2454 Diogene
992 2369 1114 2434 allatus
1139 2374 1199 2433 est.

269 2521 271 2527 ·
367 2502 395 2566 1.
442 2501 596 2565 Primum
632 2500 784 2566 conferas
813 2502 955 2568 Diodori
982 2501 1082 2588 frgm.
1114 2503 1165 2588 12,
1190 2503 1210 2566 2
1243 2523 1319 2566 oum
1346 2499 1433 2566 Dio-

258 2640 345 2703 gene
372 2617 399 2702 I,
430 2618 485 2681 75:
522 2609 733 2701 Σωσικράτης
762 2611 798 2678 δέ
821 2635 922 2702 φησιν
950 2607 1001 2679 ὅτι
1035 2607 1146 2699 ὀλίγον
1181 2606 1435 2694 ἀποτεμόμενος

258 2723 336 2816 ἔφη·
360 2724 398 2792 τὸ
423 2721 523 2816 ἥμισυ
547 2732 605 2794 τοῦ
622 2724 747 2805 παντὸς
763 2729 880 2793 πλεῖον
896 2721 990 2794 εἶναι.
1022 2734 1107 2799 Inde
1124 2739 1272 2821 apparet,
1294 2730 1434 2798 fabulae

258 2847 401 2913 formam
424 2872 443 2912 a
468 2847 637 2914 Sosiorate
660 2849 834 2935 paululum
858 2857 1096 2916 commutatam
1122 2873 1205 2934 esse,
1230 2847 1320 2934 quod
1346 2849 1433 2914 Dio·

257 2963 332 3028 dori
356 2987 488 3049 quoque
511 2965 703 3030 narratione
717 2961 955 3031 'confirmatur
1003 2968 1131 3032 Tamen
1158 2965 1348 3030 fabularum
1377 2987 1433 3029 se-

256 3079 342 3144 riem
354 3080 444 3165 apud
457 3087 636 3166 utrumque
647 3081 695 3145 ita
710 3082 901 3146 consentire
916 3081 1148 3147 demonstravi
1162 3080 1204 3147 of.
1218 3104 1250 3167 p.
1267 3081 1317 3164 14,
1334 3086 1374 3144 ut
1387 3103 1433 3145 ex

257 3195 376 3261 eodem
399 3203 579 3282 utrumque
604 3204 738 3262 auotore
761 3198 913 3263 hausisse
938 3197 1203 3263 consentaneum
1227 3197 1281 3262 sit.

364 3331 394 3393 2.
441 3331 546 3394 Extat
574 3337 686 3394 autern
715 3332 800 3396 alter
826 3333 920 3396 loeus
948 3332 1038 3418 apud
1065 3332 1256 3416 Diogenem
1283 3329 1320 3393 in
1351 3329 1431 3414 My-

257 3444 348 3509 sonis
372 3445 445 3509 vita
469 3447 507 3529 (l,
534 3447 625 3526 lu6):
651 3438 777 3506 Μύσων
791 3495 820 3508 ..
846 3437 890 3520 ώς
914 3466 994 3532 φησι
1020 3438 1230 3530 Σωσικράτης
1248 3435 1433 3529 Ἕρμωντον

256 3555 538 3644 παρατιθέμενος,
566 3554 605 3622 τὸ
630 3557 719 3643 γένος
736 3556 860 3649 Χηνεύς
884 3553 954 3624 ἀπὸ
976 3555 1089 3648 κώμης
1112 3555 1200 3636 τινος
1224 3555 1383 3645 Οἰταικης
1408 3551 1432 3647 ἢ

256 3676 464 3761 Λακωνικῆς.
511 3678 587 3743 Ηοο
617 3701 693 3743 oum
725 3680 797 3744 looo
825 3681 911 3745 bene
941 3679 1112 3744 consentit
1138 3677 1306 3743 Diodorus
1335 3676 1380 3762 (ὅ,
1407 3680 1429 3743 2

256 3792 299 3857 of.
324 3792 370 3872 6):
405 3781 480 3854 Ὅτι
506 3784 632 3854 Μύσων
660 3815 711 3869 τις
735 3777 773 3876 ἦν
797 3787 948 3868 Μαλιιύς
971 3789 1027 3855 καὶ
1052 3783 1129 3876 ᾤκει
1154 3786 1211 3879 την
1243 3785 1344 3878 Οἴτην
1379 3786 1430 3868 εἰς

256 3899 368 3992 κώμην
397 3900 511 3992 Χηλὰς
540 3904 750 3995 καλουμένην,
760 3906 783 3991 1)
836 3911 1022 3976 Sosiorates
1050 3917 1164 3976 autem
1190 3909 1428 3996 Hermippum,

363 4171 586 4243 1)·Herwerden
614 4175 644 4230 in
671 4176 768 4231 verbis
795 4181 842 4228 καὶ
871 4166 934 4229 ώκει
962 4169 1009 4242 τὴν
1039 4179 1121 4242 Οἴτην
1149 4179 1187 4232 εἰς
1212 4168 1307 4246 κώμην
1333 4168 1430 4241 Χηνιλς

255 4264 426 4334 καλουμένην
448 4263 612 4333 ponendum
640 4282 702 4320 esse
729 4284 781 4337 pro
806 4271 844 4323 εἰς
862 4283 885 4317 κ.
905 4284 926 4317 τ.
947 4268 969 4318 λ.
990 4257 1019 4317 ἐν
1044 4259 1121 4336 κώμη
1148 4269 1254 4330 Χηνιιῐς
1272 4267 1428 4338 καλουμένη

255 4352 358 4406 statuit
387 4350 438 4422 (ut.
457 4352 519 4408 init.
539 4353 644 4424 fragm.
664 4354 701 4424 6).
739 4356 826 4408 Hune
844 4356 1002 4427 prudenter
1020 4354 1144 4408 editores
1162 4353 1254 4408 secuti
1271 4371 1330 4407 non
1349 4361 1427 4411 sunt.

255 4439 351 4514 Atque
370 4441 466 4496 neseio
485 4460 521 4496 an
541 4442 685 4498 Diodorus
703 4444 867 4500 exhibuerit
885 4449 930 4497 καὶ
952 4435 1015 4512 ᾤκει
1034 4437 1082 4510 τὴν
1102 4447 1196 4510 Oleum
1224 4443 1258 4498 de
1278 4442 1428 4497 Anachar-
