3086 5134
731 205 773 274 29

642 298 854 307 -—.--

161 423 364 492 Plutarchus
388 423 477 490 solus
501 446 561 509 pro
586 424 750 508 ,αοῦφοςίί
775 424 930 502 ,,χα1νος“
954 421 1100 492 exhibet.
1141 421 1215 488 Hoc
1237 426 1330 488 recte

161 541 226 608 Th.
251 541 369 627 Bergk
393 540 430 606 111
454 539 613 606 carminis
636 546 768 606 textum
791 539 931 626 recepit.
969 538 1104 623 Κοῢφος
1127 539 1220 604 enim
1242 537 1332 603 nihil

149 656 257 722 'aliud
290 656 359 722 nisi
393 656 733 742 interpretamentum
741 649 767 737 ¹)
801 655 894 720 illius
921 654 1037 732 χαῦνος
1064 676 1137 719 esse
1164 653 1331 719 videatur.

161 772 293 838 Eodem
317 772 423 857 igitur
446 777 586 857 spectat,
611 793 687 855 que,
712 793 796 856 quae
820 793 920 857 supra
944 770 986 836 ad
1001 771 1192 855 Diogenem
1214 770 1257 855 (p.
1275 767 1332 851 24)

161 889 273 954 attuli.
321 888 425 954 Solon
448 887 521 973 ipse
546 887 649 953 altero
673 887 746 952 loco
770 885 954 972 fragmenti
978 886 1021 952 35
1044 908 1076 950 v.
1104 887 1121 950 1
1150 883 1251 962 χαῦνα
1273 877 1333 962 μὲν

161 995 231 1064 τότ’
256 994 441 1087 ἐφράσαντο
465 1002 562 1068 dixit.
594 1004 722 1068 Versus
746 1003 788 1086 (1,
806 998 841 1084 8)
865 1001 1011 1086 denique
1035 1000 1125 1087 apud
1145 999 1333 1065 Diodorum

162 1125 198 1184 et
220 1119 413 1204 Diogenem
436 1117 485 1184 sio
509 1124 661 1184 exaratos
684 1118 854 1184 videmus:

323 1244 381 1325 Εἷς
405 1242 465 1334 γὰρ
489 1247 637 1333 γλῶσσαν
661 1240 756 1335 ὃρᾶιε
779 1244 835 1312 καὶ
859 1242 905 1324 εἷς
929 1240 1012 1324 ἔπος
1035 1240 1148 1310 αἰόλον
1172 1237 1288 1331 ἀνδρὸς

323 1359 380 1440 Εἰς
404 1359 497 1452 ἔργον
521 1355 613 1428 οὐδὲν
636 1357 821 1448 γιγνόμενον
843 1360 993 1446 βλέπετε.

270 1619 297 1691 1)
319 1621 430 1680 Χαῦνος
448 1621 524 1676 idem
542 1619 657 1677 videtur
674 1622 771 1677 valere
790 1621 867 1692 quod
882 1615 996 1690 χιὲσκων
1018 1621 1064 1676 vel
1084 1613 1208 1690 κεχηνώς,
1230 1619 1332 1692 quibus

158 1709 259 1766 verbis
272 1711 349 1781 apud
361 1710 586 1782 Aristophanem
605 1710 702 1782 Δῆμος
716 1703 867 1776 Ἀθηναίων
888 1710 1002 1781 saepius
1019 1710 1188 1782 appellatur.
1220 1709 1334 1766 Solonis

158 1805 260 1854 autem
287 1817 423 1856 versuum
450 1800 546 1858 nescio
577 1819 615 1855 an
645 1800 770 1856 comicus
789 1800 837 1856 ille
859 1801 1026 1856 recordatus
1049 1799 1100 1870 sit,
1129 1817 1194 1854 cum
1213 1799 1334 1854 diceret:

157 1888 259 1960 Equit.
279 1889 331 1943 752
349 1906 404 1960 sq.:
816 1953 822 1970 ι
888 1952 893 1970 .

821 1964 843 2014 0
861 1979 915 2030 γαρ
933 1964 1022 2031 γέρων

448 2052 527 2102 otior
545 2050 599 2122 μὲν
618 2042 728 2120 ἀνδρῶν
746 2049 804 2102 ἔστι
824 2043 983 2110 δεξιώτατος

443 2129 524 2191 ’Όταν
543 2131 569 2190 δ’
590 2140 635 2190 ἐπὶ
654 2132 766 2204 ταὺτηοι
786 2137 904 2206 καθῆται
923 2137 968 2204 τῆς
986 2142 1086 2209 πέτρας

446 2231 568 2296 Κεχηνεν
587 2219 679 2298 ώσπερ
699 2226 858 2298 ἐμποδίζων
877 2226 1003 2296 ἴσχαδας.

157 2317 195 2372 Id
214 2321 270 2370 est:
300 2315 378 2372 Civis
402 2316 521 2386 quisque
545 2316 624 2372 domi
643 2321 686 2370 ast
706 2315 905 2387 probissimus,
924 2317 974 2371 sed
991 2316 1022 2372 in
1041 2315 1160 2372 consilio
1179 2316 1333 2372 universus

157 2406 285 2478 populus
314 2423 362 2460 ore
390 2405 490 2460 hiante
517 2411 546 2460 st
573 2405 729 2460 hebescens
753 2405 828 2460 siout
853 2406 949 2475 hom0,
968 2405 1017 2476 qui
1035 2405 1106 2460 ficos
1125 2405 1234 2478 alliget.
1274 2405 1333 2462 cfr.

158 2493 349 2565 Aristophan.
370 2494 457 2564 equit.
479 2495 628 2563 1175-78,
652 2494 702 2549 ubi
728 2500 814 2566 poeta
843 2493 955 2548 Solonis
974 2494 1172 2572 fragmentum
1191 2494 1233 2564 14,
1255 2495 1333 2550 1-4.

158 2583 267 2653 Bergk.
287 2583 481 2654 perstringere
504 2583 627 2638 videtur.
675 2581 811 2638 Cratinus
839 2587 936 2637 autem
963 2583 994 2636 in
1022 2583 1170 2638 comoedia
1194 2602 1267 2654 quae
1290 2583 1334 2639 in-

158 2671 298 2728 scribitur
315 2665 399 2743 νόμοι
418 2671 532 2726 Solonis
550 2681 678 2729 versum:

361 2753 456 2832 ίΥμών
475 2755 500 2814 δ’
521 2757 560 2820 εἷς
577 2762 631 2834 μὲν
650 2760 763 2820 ἕκαστος
783 2755 921 2820 ἀλώπεκος
941 2765 1028 2830 ἴχνεσι
1046 2767 1136 2830 βαίνει

156 2849 264 2906 leviter
283 2855 493 2904 commutatum
511 2851 623 2904 attulit:

365 2932 460 3010 ’Υμών
479 2933 504 2990 δ’
525 2937 563 2997 εἷς
581 2940 635 3011 μὲν
654 2937 767 2998 ἕκαστος
786 2931 894 3005 ἀλώπηξ
913 2937 1112 3010 δωροδοκεΐται

157 3027 223 3100 (ο11.
242 3029 295 3083 Th.
315 3029 420 3099 Bergk,
440 3029 549 3083 Oomm.
569 3029 604 3083 de
622 3029 671 3083 rol.
692 3046 761 3085 com.
782 3028 860 3082 attic.
880 3047 906 3099 p.
927 3027 998 3099 135).
1030 3027 1078 3082 kd
1096 3028 1210 3084 Solonis
1228 3047 1330 3084 versus

158 3137 183 3170 κ.
204 3137 226 3170 τ.
245 3120 268 3170 λ.
289 3111 382 3188 ιΥμιῑιν
402 3109 428 3168 δ’
448 3113 487 3174 εἷς
503 3118 557 3188 μὲν
575 3137 599 3169 κ.
618 3137 639 3169 τ.
659 3121 682 3169 λ.
702 3117 835 3172 conferas
853 3117 941 3172 velim
959 3117 1130 3172 Schillerum
1148 3123 1294 3172 nostrum:

198 3205 294 3275 Jeder,
314 3205 390 3260 sieht
407 3224 476 3260 man
494 3206 546 3260 ihn
565 3206 684 3276 einneln,
703 3207 742 3260 ist
760 3206 876 3260 leidlioh
894 3207 965 3278 klug
983 3207 1043 3260 und
1061 3206 1240 3278 verst'a'ndig,

196 3294 267 3348 Sind
285 3295 326 3350 sie
344 3295 375 3349 in
394 3313 520 3366 corpore,
539 3295 634 3366 gleicb
652 3295 726 3349 wird
745 3296 818 3350 euch
836 3295 883 3350 ein
902 3296 1084 3366 Dummkopf
1100 3295 1213 3350 daraus.

157 3384 262 3438 Nauck
280 3389 378 3438 autem
396 3384 438 3450 (111
451 3384 605 3456 Philologo
623 3402 650 3438 v.
670 3384 707 3454 X,
726 3403 753 3456 p.
767 3384 831 3454 575)
849 3403 901 3456 pro
916 3383 1021 3454 χαῦνος
1034 3390 1084 3438 aut
1097 3383 1209 3454 κοῦρος,
1230 3384 1331 3455 κοῦρος

158 3472 314 3543 legendum
333 3490 395 3527 esse
413 3472 529 3543 statuit,
559 3473 635 3544 quod
658 3467 740 3530 κακός
765 3473 918 3544 significat.
955 3473 1072 3528 Etenim
1090 3473 1216 3544 vestigia
1234 3474 1331 3545 vulpis

157 3579 297 3633 premere,
316 3561 346 3616 id
365 3567 409 3616 est
427 3562 544 3633 vulpem
564 3579 635 3632 esse,
658 3579 717 3616 non
739 3563 825 3616 modo
843 3561 915 3618 levis
933 3566 962 3616 et
980 3562 1193 3634 languescentis
1211 3562 1329 3634 ingenii,

158 3651 210 3706 sed
229 3649 317 3705 etiam
335 3650 419 3721 pravi
437 3668 499 3706 esse
516 3657 598 3706 ratus
617 3656 668 3706 est.
696 3652 832 3706 Fortasse
849 3651 896 3706 vir
918 3651 1101 3706 doctissimus
1120 3651 1155 3708 de
1173 3651 1329 3706 Simonidis

158 3739 314 3811 Amorgini
332 3740 497 3810 fragmento
516 3741 533 3794 7
552 3741 662 3812 (Bergk
680 3741 711 3796 Π
724 3738 892 3811 v01.p.446)
911 3739 1059 3811 cogitavit.
1088 3741 1123 3794 In
1142 3746 1224 3796 sexto
1243 3759 1329 3796 versu

157 3828 309 3899 leguntur:

448 3909 502 3984 Τὴν
521 3919 548 3978 ἐξ
566 3911 674 3988 εἶλιτρῆς
692 3910 757 3976 θεός
775 3911 850 3984 ἔθηκ’
870 3910 1009 3976 ἀλώπεκος

444 4011 564 4060 Γυναῖκα
583 4001 693 4060 πάντων
713 4005 788 4077 ἴδριν
809 4048 814 4059 .
834 4047 841 4062 .
862 4049 867 4059 .

157 4095 214 4152 Sed
232 4095 287 4150 hoo
305 4095 368 4150 loco
388 4088 496 4164 ἀλιτρός
517 4094 588 4150 illud
607 4095 723 4166 quidem
734 4114 794 4150 non
806 4095 950 4152 nefarium
962 4095 1013 4152 sed
1026 4095 1160 4152 callidum
1172 4095 1326 4168 significat.

157 4185 273 4242 Confer.
286 4183 396 4255 ‚Odyss
417 4202 437 4239 ε,
459 4185 523 4238 182:

386 4265 426 4324 'H
441 4265 474 4339 δὴ
496 4264 604 4343 οἷλιτρὸς
622 4264 712 4342 γ’ἐσσὶ
730 4277 778 4325 καλ
797 4267 846 4328 οὐκ
866 4267 1015 4345 ἀποφώλια
1034 4267 1122 4332 εἰδώς.

157 4362 245 4418 Solon
264 4367 362 4417 autem
379 4361 605 4417 Atheniensibus
623 4361 702 4416 laudi
721 4361 816 4434 vertit,
836 4364 912 4434 quod
930 4381 1005 4418 unus
1024 4363 1144 4435 quisque
1162 4363 1258 4438 vulpis
1276 4363 1324 4422 sit.
