3094 5030
768 292 809 361 16

314 509 428 595 Atque
461 515 500 574 ut
534 509 571 574 in
597 509 859 575 narratiunculis
883 509 925 574 de
947 509 1095 595 Pittaco,
1119 509 1168 576 ita
1191 509 1228 575 in
1251 507 1374 576 fabulis

209 627 250 692 de
273 627 398 694 Biante
421 624 463 690 ab
485 631 628 712 utroque
643 626 788 691 narratis
809 625 953 691 eundem
977 631 1151 692 suetorum
1174 618 1375 692 eonsensum

209 742 416 828 detegemus.
462 741 614 828 Uterque
629 745 632 750 “
649 742 741 806 enim
776 741 914 808 exhibet
945 740 1094 807 fabulam
1129 741 1171 807 de
1194 742 1374 809 Messeniis

208 858 401 942 virginibus
429 857 470 922 ab
498 857 556 922 1110
579 857 731 923 liberatis
754 857 909 944 primam,
937 858 1077 922 alteram
1100 857 1143 922 de
1166 857 1300 944 tripode
1322 858 1375 923 iili

208 973 411 1040 adiudicato
458 972 525 1038 Sed
549 995 614 1058 quo
638 974 759 1039 melius
782 973 1025 1060 perspiciamus
1049 995 1260 1060 eonsensum,
1284 975 1374 1040 looos

209 1091 300 1177 ipsos
324 1110 558 1175 proponemus.

253 1203 354 1270 Diod.
387 1205 436 1288 13,
468 1205 501 1268 1:
532 1192 608 1266 Ὅτι
637 1199 738 1288 φασὶν

207 1314 238 1383 oi
274 1320 429 1404 Πριηνεῖς
468 1308 512 1392 ὡς
547 1312 738 1404 Μεσσηνίας

206 1429 244 1498 τὸ
274 1429 363 1518 γένος
391 1426 576 1519 ἐπισήμους
603 1429 736 1518 παρθέ-

207 1573 280 1625 νους
323 1542 566 1634 λυτρωσάμενος
606 1539 623 1612 5
653 1543 737 1624 ,Βίας

207 1659 300 1751 παρὰ
314 1663 442 1751 λῃστῶν
454 1655 502 1739 ὡς
514 1658 623 1740 ἰδίας
634 1667 736 1748 θυγα

206 1777 318 1868 τέρας
354 1775 491 1861 ε’ντίμιος
526 1764 613 1866 ήγεν.
653 1774 735 1861 μετά

206 1893 243 1960 δέ
257 1919 348 1972 τινας
362 1889 495 1981 χρόνους
510 1892 736 1982 παραγενομέ-

206 2037 269 2076 νων
296 2014 361 2075 τιῦν
389 2013 547 2096 συγγενῶν
570 2005 654 2074 κατά
679 2005 735 2099 ζή-

205 2149 299 2216 τησιν
326 2119 498 2190 ἀπέδωκεν
527 2119 628 2204 αὐτάς
663 2118 736 2192 eiius

205 2246 343 2331 τροφεῖα
398 2237 606 2329 πραξάμενος
662 2233 735 2307 α’ότε

204 2354 313 2446 λότρα,
358 2351 527 2424 τοῦναοίον
585 2355 621 2421 δὲ
670 2361 735 2421 τῶν

207 2470 300 2540 ἰόίιον
350 2469 460 2538 πολλοὶ
507 2467 734 2561 δωρησάμενος

204 2615 233 2655 κ.
262 2615 290 2654 τ.
324 2590 353 2654 λ.
414 2594 444 2658 2.
476 2581 553 2654 Ὅτι
585 2591 734 2676 σαγηνεῖς

205 2701 390 2794 Μεσσήνιοι
428 2699 513 2769 κατά
545 2699 602 2767 τόν
635 2699 734 2787 βόλον

205 2820 313 2910 ἕτερον
334 2819 394 2903 μὲν
417 2813 510 2886 οὐδὲν
532 2812 732 2900 ἀνείλκυσαν,

202 2938 342 3019 χαλκοῦν
380 2934 416 3000 δὲ
451 2931 596 3023 τρίποδα
634 2931 734 3018 μόνον

203 3047 392 3141 ἐπιγραφήν
436 3045 558 3132 ἔχοντα·
621 3072 732 3140 σοφισ-

202 3164 301 3254 τάτηι.
349 3160 548 3248 ἀναχθέντος
593 3164 629 3231 δὲ
675 3170 734 3232 τοῦ

202 3277 511 3364 κατασκευάσματος
528 3282 670 3372 δοθῆναι
686 3286 734 3368 τη]

204 3397 331 3464 Βίαντι.

888 1205 989 1290 Diog.
1005 1205 1032 1290 I,
1049 1205 1107 1270 82:
1135 1196 1317 1279 Φανόδικος
1339 1199 1375 1266 δὲ

845 1311 944 1404 κόρας
983 1311 1209 1398 αἰχμαλιότους
1252 1318 1374 1405 λυτρω-

844 1427 982 1514 σάμενον
1016 1429 1207 1528 Μεσσηνίας
1244 1430 1374 1521 θρέψαι

843 1572 883 1612 τε
899 1541 948 1625 ὡς
963 1545 1185 1635 θυγατέρας
1201 1545 1257 1612 καὶ
1273 1551 1373 1635 προῖ-

843 1688 903 1740 κας
935 1661 1110 1728 ἐπιδοῦναι
1144 1661 1200 1734 καὶ
1234 1659 1280 1741 εἰς
1316 1659 1374 1752 τήν

845 1776 1021 1867 Μεσσήνην
1064 1771 1263 1844 άποστεῖλαι
1303 1782 1374 1857 τοῖς

843 1890 1010 1982 πατράσιν
1026 1887 1141 1958 αὐτῶν.
1176 1888 1292 1982 Χρόνῳ
1310 1893 1374 1959 δ’ἑν

843 2014 916 2088 ταῖς
930 2003 1090 2099 Ἀθήναις
1111 2003 1154 2087 ὡς
1177 2007 1373 2099 προείρηται

842 2129 901 2191 τοῦ
916 2123 1076 2214 τρίποδος
1096 2119 1285 2213 εὑρεθέντος
1304 2118 1372 2190 ὑπό

842 2245 908 2306 τῶν
924 2236 1051 2322 ἁλιέων,
1075 2243 1134 2306 τοῦ
1154 2241 1277 2322 χαλκοῦ
1293 2239 1371 2305 ε’πι-

842 2353 968 2446 γραφήν
1009 2352 1137 2438 ἔχοντος
1187 2359 1241 2442 Τῷ
1278 2361 1373 2446 σοφῷ

842 2467 985 2560 Σάτυρος
1007 2471 1066 2555 μέν
1090 2493 1171 2561 φησι
1190 2472 1373 2559 παρελθεῖν

840 2583 900 2666 τάς
922 2583 1021 2676 κόρας
1044 2629 1085 2637 -
1111 2583 1142 2653 oi
1167 2585 1202 2653 δὲ
1225 2583 1282 2653 τόν
1301 2613 1370 2652 πα-

841 2701 917 2792 τέρα
941 2697 1047 2768 αὐτῶν
1070 2697 1114 2780 ὡς
1143 2701 1200 2768 καὶ
1227 2698 1369 2768 Φανόδι-

840 2844 897 2897 κος
921 2860 962 2868 -
987 2816 1033 2897 εἰς
1049 2815 1107 2908 τήν
1122 2815 1297 2908 ἐκκλησίαν
1312 2817 1370 2884 καὶ

840 2931 948 3001 εἰπεῖν
990 2931 1047 3000 τόν
1084 2931 1210 2999 Βίαντα
1256 2931 1373 3024 σοφόν,

840 3049 1078 3140 διηγησαμένας
1100 3047 1141 3116 τά
1157 3043 1234 3115 καθ’
1253 3046 1371 3129 ἑαυτάς

840 3165 897 3232 καὶ
913 3160 1085 3255 ἀπεστάλη
1103 3160 1119 3232 5
1136 3164 1288 3255 τρίπους.
1313 3165 1370 3232 καὶ

841 3276 858 3347 ὁ
883 3279 967 3360 Βίας
991 3278 1070 3346 ἰδών
1092 3277 1155 3371 ἔφη
1173 3279 1229 3348 τόν
1243 3276 1369 3347 Ἀπόλ-

840 3399 927 3462 λτονα
943 3394 1047 3487 σοφόν
1065 3390 1148 3463 εἶναι
1166 3397 1240 3464 ουδὲ
1263 3419 1369 3486 προσ-

842 3510 954 3603 ήκατο.

309 3653 380 3717 Has
409 3657 521 3717 autem
549 3647 711 3734 fabulas1)
740 3652 832 3718 idem
859 3652 985 3718 referre
1014 3658 1277 3718 consentaneum
1307 3659 1368 3718 est.

202 3831 414 3841 —..-—-—-

307 3934 492 4004 2)A1fredus
511 3934 546 3989 de
565 3934 738 3990 Gutsohmid
756 3933 868 4005 statuit,
888 3934 965 3989 huno
983 3935 1079 3989 locum
1098 3935 1133 3989 (10
1152 3933 1366 4003 consuetudine,

203 4043 276 4097 quae
294 4025 392 4080 Bianti
412 4042 477 4078 oum
495 4024 647 4078 Messeniis
666 4024 837 4090 intercessit,
856 4042 874 4077 a
891 4024 1019 4079 Diodoro
1038 4023 1074 4078 de
1085 4024 1207 4094 Myrone
1219 4023 1369 4078 Prienensi

203 4115 404 4186 depromptum
429 4130 497 4168 esse.
535 4113 574 4166 Et
593 4119 637 4168 est
660 4112 899 4166 verisimillimum
918 4131 935 4166 a
958 4113 1088 4184 Myrone,
1116 4119 1232 4168 auctore
1256 4119 1368 4179 Μεσση-

202 4202 313 4266 νιακῶν,
332 4203 426 4274 primo
445 4203 498 4256 has
517 4201 630 4256 fabulas
650 4200 686 4255 ad
705 4203 827 4273 gloriam
845 4201 959 4256 Biantis
978 4203 1141 4272 augendam
1154 4207 1286 4256 narratas
1299 4219 1368 4258 esse.

202 4293 236 4347 A.
256 4293 291 4347 de
311 4291 483 4347 Gutsohmid
507 4291 560 4346 has
586 4309 631 4344 res
650 4289 680 4344 in
699 4290 836 4361 peculiari
854 4289 984 4361 Myronis
1003 4289 1075 4343 libro
1093 4294 1158 4360 περὶ
1178 4283 1245 4344 ἑπτὰ
1264 4289 1368 4360 σοφῶν,

202 4381 261 4453 qui,
280 4387 419 4452 quantum
443 4380 510 4445 soie,
539 4397 556 4433 a
580 4380 659 4434 nullo
682 4380 787 4435 allatus
810 4385 862 4450 est,
890 4380 996 4434 relatas
1024 4395 1092 4433 esse.
1129 4379 1166 4434 In
1193 4377 1245 4434 uri
1273 4383 1370 4434 autem

202 4469 275 4528 libro
300 4489 351 4526 our
376 4470 482 4542 Myron
504 4469 635 4525 homines
653 4468 811 4526 Messenios
835 4487 901 4524 oum
920 4468 1024 4524 Biante
1043 4467 1250 4526 coniuncturus
1272 4467 1369 4542 fuerit,
