3086 5134
865 329 885 392 6

767 419 979 428 ..---..-.,--,

289 535 529 622 Herwerden1)
554 542 760 608 sententiam
782 543 820 608 in
843 549 992 610 extremo
1015 543 1206 630 fragmento
1222 543 1289 624 (28)
1306 543 1349 610 ad
1365 544 1461 630 frag-

289 663 443 724 mentum
466 658 509 722 30
531 658 703 744 pertinere
726 659 882 726 coniecit.
927 661 970 725 ln
996 659 1060 726 hoo
1088 661 1180 725 enim
1202 660 1356 726 Phalaris
1380 683 1462 726 cum

289 796 450 860 magnum
478 774 707 839 columbarum
734 798 857 862 agmen
884 798 990 842 unum
1020 777 1217 864 accipitrem
1245 775 1381 862 fugiens
1405 777 1462 842 vi·

291 890 407 976 disset,
425 891 628 956 exclamasse
643 897 812 956 narratur:
827 881 953 976 Ὁρᾶτε,
972 875 999 952 ὦ
1014 880 1134 977 δὶνδρες,
1152 892 1289 954 τοσοῦτο
1310 889 1461 978 πλῆθος,

289 996 338 1092 ὑφ
354 998 424 1080 ἑνός
440 997 648 1085 διωκόμενον.
670 995 766 1068 Ἐπεί
780 1027 834 1068 τοι
851 1027 885 1090 γε
900 1000 1097 1094 τολμήσειαν
1116 997 1379 1093 ὑποστρέψαι,
1398 1011 1461 1092 ῥρι-

290 1115 369 1197 δίως
384 1121 443 1184 τοῦ
461 1113 637 1196 διιόιιοντος
654 1116 887 1207 περιγένοιντο.
911 1125 986 1190 Ηοο
1002 1126 1074 1190 loeo
1090 1124 1146 1190 vir
1161 1125 1280 1190 doctus
1297 1125 1460 1190 inseruit:

292 1228 391 1312 αὐτὸς
415 1233 450 1300 δέ
473 1233 716 1318 πεπλασμένως
739 1259 768 1300 ιι.
793 1260 821 1300 τ.
847 1237 875 1300 λ.
910 1242 1004 1306 Haec
1027 1240 1132 1306 verba
1154 1238 1297 1306 fortasse
1319 1248 1461 1328 propter

290 1354 436 1420 similem
458 1354 573 1420 ultimi
595 1355 751 1421 vocabuli
774 1355 917 1421 formam
940 1363 1016 1443 post
1039 1351 1262 1442 περιγένοιντο
1280 1357 1459 1443 excidisse,

289 1493 309 1534 a
331 1470 468 1536 librario
493 1493 640 1536 errorem
663 1471 853 1558 corrigente
877 1473 914 1538 in
937 1473 1090 1558 margine
1114 1473 1293 1560 adscripta,
1316 1495 1397 1539 mox
1420 1475 1460 1539 in

290 1586 483 1674 apographo
512 1587 622 1652 alieno
650 1587 723 1652 loco
751 1611 824 1654 esse
852 1595 996 1677 recepta.
1047 1591 1146 1655 Hanc
1174 1589 1232 1654 ille
1262 1589 1460 1676 opinionem

289 1702 328 1767 L.
357 1702 534 1769 Dindorfio
562 1703 719 1789 probavit
747 1703 802 1785 (cf.
832 1705 875 1772 ad
901 1707 1013 1772 locum
1035 1706 1101 1772 vol.
1124 1706 1161 1770 H
1188 1729 1221 1792 p.
1248 1702 1335 1790 157).
1383 1708 1460 1773 Hoc

291 1841 493 1905 quamquam
520 1819 595 1884 fieri
621 1820 734 1906 potuit
765 1827 799 1885 et
828 1822 960 1909 saepius
988 1823 1073 1887 tales
1101 1844 1230 1887 errores
1259 1822 1297 1886 in
1325 1821 1459 1888 codices

290 1933 353 2000 hoc
388 1933 486 2000 modo
521 1935 698 2022 irrepsisse
733 1935 825 2002 haud
858 1938 1067 2024 ignoramus,
1106 1945 1221 2002 tamen
1254 1938 1309 2002 his
1343 1938 1460 2003 verbis

292 2051 508 2138 transpositis
544 2051 728 2117 difficultas
762 2075 831 2118 non
865 2053 1005 2120 tollitur.
1056 2053 1226 2119 Diodorus
1263 2055 1354 2119 enim
1388 2075 1461 2119 non

399 2350 424 2422 1)
444 2351 630 2424 spicilegium
654 2352 828 2410 Vaticanum
852 2353 1002 2409 continens
1023 2372 1089 2410 nov.
1109 2355 1173 2409 lect.
1197 2353 1227 2408 in
1246 2353 1323 2410 Hist.
1343 2355 1392 2409 Gr.
1412 2373 1461 2410 ex-

291 2446 388 2513 cerpta
399 2483 405 2495 .
416 2483 422 2494 .
435 2483 458 2496 ..
478 2441 592 2512 scripsit
604 2442 642 2496 H.
656 2460 714 2498 van
726 2442 918 2498 Herwerden:
936 2443 1073 2515 Lugduni
1090 2445 1268 2499 Batavorum
1288 2445 1357 2498 1860
1373 2464 1401 2516 p.
1415 2447 1460 2500 27.

291 2532 355 2585 Ηοο
374 2529 405 2584 in
423 2529 496 2585 libro
515 2531 561 2587 vir
579 2531 681 2586 doctus
698 2532 842 2602 permulta
860 2531 933 2588 vitia
951 2532 982 2587 in
994 2533 1040 2586 his
1053 2532 1160 2604 eclogis
1173 2532 1325 2587 emendare
1338 2533 1460 2604 studuit,

291 2621 347 2676 alia
365 2619 543 2674 emendanda
560 2619 722 2692 proposuit;
741 2621 791 2675 sed
809 2621 923 2692 saepius
942 2622 1150 2694 eclogariorum
1170 2639 1257 2693 quam
1274 2621 1461 2678 librariorum

291 2727 401 2766 errores
420 2708 541 2764 notavit.
579 2710 642 2764 Hos
661 2714 759 2764 autem
777 2711 953 2766 retineamus
971 2729 1086 2767 necesse
1104 2716 1161 2781 est,
1186 2730 1252 2766 eum
1271 2729 1306 2766 ex
1324 2711 1370 2766 his
1389 2712 1461 2783 ipsis

290 2799 404 2871 saepius
428 2799 583 2871 genuinam
606 2799 727 2854 Diodori
753 2800 895 2854 rationem
922 2801 1136 2873 perspiciamus.
1173 2801 1261 2855 Velut
1280 2801 1461 2856 Herwerden

290 2890 321 2944 in
340 2889 505 2960 fragmento
523 2889 559 2942 25
588 2917 619 2926 -
648 2888 748 2944 fabula
771 2895 868 2945 autem
892 2889 968 2945 inest
987 2891 1021 2944 de
1041 2889 1138 2944 Croesi
1156 2888 1339 2960 expeditione
1358 2896 1462 2945 contra

291 2979 440 3033 insulanos
453 2983 555 3049 parata
570 2995 648 3032 -ex
661 2979 756 3033 verbis
765 2979 796 3033 in
806 2979 899 3034 medio
910 2978 1075 3051 fragmento
1085 2978 1186 3050 positis
1196 2971 1229 3042 „d
1249 2977 1280 3030 δὲ
1294 2972 1461 3046 Πίπακοςῆ

291 3061 305 3120 ό
331 3072 402 3126 Βίας
427 3052 589 3134 ὑπολαβὼν)
616 3068 734 3122 foedum
762 3068 991 3124 additamentum
1018 3073 1155 3126 Πίττακος
1182 3057 1199 3134 d
1226 3069 1343 3124 exulare
1370 3069 1460 3125 iubet.

292 3157 371 3224 Quae
394 3158 482 3212 verba
506 3175 680 3228 quamquam
702 3157 733 3211 in
756 3158 852 3214 codiee
876 3163 904 3212 et
923 3159 957 3213 A.
976 3157 1054 3212 Maio
1074 3162 1102 3212 et
1121 3157 1316 3212 Herwerdeno
1336 3158 1461 3214 testibus

289 3247 435 3317 leguntur,
465 3265 482 3300 a
505 3245 537 3299 L.
562 3246 720 3317 Dindorfio‚
749 3247 797 3318 qui
822 3248 964 3303 rationem
988 3248 1178 3302 Herwerdeni
1202 3246 1266 3300 aliis
1288 3247 1359 3302 locis
1382 3248 1461 3302 recte

290 3334 405 3391 notavit
425 3334 467 3404 (Π
484 3354 511 3407 p.
531 3335 607 3407 XV),
627 3342 724 3391 amota
742 3341 818 3391 sunt.
855 3337 930 3392 Nam
949 3338 984 3392 de
1001 3337 1119 3406 Biante,
1138 3355 1197 3390 non
1216 3335 1251 3391 de
1269 3336 1383 3391 Pittaco
1403 3355 1461 3392 ser-

290 3443 406 3480 monem
433 3442 495 3480 esse
521 3425 793 3497 epraecedentibus
821 3425 892 3480 satis
917 3426 1033 3498 liquere.
1073 3424 1179 3480 Confer
1201 3429 1299 3479 autem
1317 3425 1462 3481 Herodoti

291 3515 326 3570 de
345 3515 446 3568 eadem
464 3513 564 3569 fabula
581 3515 777 3570 narrationem
796 3514 829 3585 (I,
844 3516 886 3585 57,
900 3517 917 3570 3
930 3515 972 3572 ed.
986 3513 1091 3586 seete:
1111 3517 1139 3568 οἱ
1155 3514 1209 3586 μὲν
1229 3519 1335 3565 Βίαντα
1348 3517 1461 3582 λέγουσι

289 3597 337 3656 τὸν
365 3607 489 3674 Πριηνέα
518 3597 689 3676 ἀπικόμενον
716 3607 743 3663 ἐς
770 3598 883 3675 Σάρδις,
913 3607 942 3656 οἱ
969 3603 1000 3657 δὲ
1024 3611 1163 3657 Πίττακον
1190 3595 1238 3656 τὸν
1260 3607 1460 3669 Μυτιληναῖον,

291 3686 436 3765 εἰρόμενον
455 3697 482 3746 εἴ
496 3713 522 3746 τι
542 3697 583 3760 εἴη
601 3687 733 3764 νεώτερον
751 3713 774 3746 κ.
794 3713 816 3746 τ.
836 3697 858 3745 t.
895 3694 960 3748 Ηοο
978 3711 994 3748 e
1016 3694 1078 3749 loco
1096 3693 1268 3765 perspicitur
1297 3711 1315 3746 a
1332 3692 1460 3747 Diodoro

290 3782 352 3854 ipso
371 3788 525 3854 utrumque
544 3783 665 3838 allatum
683 3800 752 3837 esse.
789 3782 837 3838 An
854 3783 1001 3854 probabile
1019 3782 1061 3851 fit,
1086 3782 1122 3836 ab
1141 3782 1291 3854 eclogariis
1310 3783 1347 3836 ad
1365 3783 1461 3837 locum

290 3871 432 3926 Herodoti
449 3871 669 3943 respicientibus
687 3871 758 3927 haec
776 3873 865 3928 verba
884 3863 911 3941 (ἢ
925 3870 1071 3941 Πίττακος)
1085 3870 1184 3926 addita
1196 3870 1275 3926 esse?
1302 3869 1358 3938 Qui
1372 3889 1460 3942 quam

290 3961 399 4032 stupidi
417 3961 534 4029 fuerint,
553 3965 672 4033 apparet
690 3960 720 4015 in
739 3967 866 4016 extremo
885 3960 1050 4032 fragmento
1070 3958 1135 4030 (25),
1154 3959 1185 4013 in
1204 3978 1261 4030 quo
1277 3979 1314 4014 ne
1326 3960 1461 4015 Herwer-

291 4051 381 4106 denus
400 4049 514 4121 quidem
527 4049 631 4105 vitium
644 4049 766 4104 notavit.
791 4049 837 4103 Sic
850 4048 927 4104 enim
940 4053 1020 4104 extat
1038 4047 1078 4102 ibi
1096 4047 1194 4122 Croesi
1213 4049 1321 4121 opinio:
1340 4043 1461 4121 τῶνγὰρ

291 4138 397 4193 Λυδῶν
411 4132 538 4193 ἱππεύειν
551 4133 672 4202 εἰδότων,
693 4132 800 4210 ἐνόμιζε
814 4143 958 4210 προτερεῖν
977 4130 1075 4196 αὐτοὺς
1093 4137 1166 4210 πεζῇ.
1193 4137 1286 4206 Quid?
1298 4137 1461 4209 pedestrine

291 4229 418 4284 exercitu
436 4227 561 4284 insulani
581 4226 686 4282 Croeso
705 4225 929 4298 praestiterunt?
959 4226 1064 4282 Immo!
1083 4245 1199 4298 pugnae
1218 4227 1330 4283 navalis
1354 4227 1461 4282 insula·

290 4336 343 4372 nos
366 4317 554 4389 peritissimos
579 4333 640 4372 esse
663 4315 731 4370 Bias
756 4314 911 4370 contendit.
951 4315 1024 4388 Πεζῇ
1048 4316 1138 4388 igitur
1156 4323 1208 4371 aut
1233 4317 1268 4370 ab
1293 4321 1461 4387 excerptore

290 4424 440 4479 perperam
463 4425 515 4477 pro
538 4406 650 4478 ναυτικῇ
676 4405 890 4476 scriptumest,
914 4411 966 4460 aut
983 4409 1047 4460 tota
1065 4405 1210 4460 conclusio
1230 4404 1461 4461 additamentum

291 4501 334 4550 est
352 4495 496 4568 eclogarii.
533 4497 563 4550 Is
581 4495 718 4550 nimirum
737 4495 866 4566 putabat,
886 4513 951 4550 cum
969 4493 1112 4566 equitibus
1131 4494 1292 4567 comparari
1310 4493 1429 4565 pedites
