3086 5134
775 269 819 334 24

687 359 900 368 ψ-

207 485 304 550 illum
349 507 408 570 pro
454 483 630 570 genuinis·
652 483 856 550 lectionibus
904 483 1017 570 posita
1069 489 1172 568 sunt,
1216 483 1381 550 videntur

206 599 355 666 fluxisse.
423 601 501 664 Huc
535 598 621 664 illud
652 605 797 686 spectat,
841 598 933 685 quod
967 599 1057 686 apud
1091 599 1283 685 Diogenem
1318 621 1380 685 pro

207 709 345 778 πέλεται
383 712 430 797 (v.
462 713 492 794 1)
536 707 722 800 γίγνειαιῙ),
761 737 821 802 pro
872 707 1031 799 nidoclff)
1081 703 1189 798 ἄιδρις
1232 705 1294 774 ἐών
1337 735 1380 780 ex

206 832 355 898 Homero
373 829 459 896 illud
483 829 619 915 quidem
642 835 772 915 notum,
796 830 962 917 scriptum
976 830 1143 896 videmus
1174 830 1271 896 Idem
1288 830 1381 896 enim

207 947 245 1012 in
279 947 399 1032 altere,
435 945 524 1032 quod
558 945 724 1012 traditum
759 952 823 1030 est,
861 946 902 1011 de
929 946 1064 1033 tripode
1092 948 1225 1020 oraculo
1252 968 1313 1032 pro
1343 941 1381 1008 ἑκ

206 1057 329 1142 μέσσου
354 1099 395 1108 -
420 1056 456 1124 ἐνι
479 1052 601 1135 πόλιος
627 1084 688 1148 pro
717 1046 753 1135 ὃς
776 1054 880 1146 σοφίᾳ
908 1053 950 1122 aci
976 1053 1103 1124 ι’ἕονια
1130 1054 1172 1122 rol
1201 1053 1380 1141 ιεόσόμενα

207 1172 426 1262 προδέδορκεν
465 1200 507 1243 ex
545 1177 717 1264 epicorum
751 1175 896 1242 formula
936 1175 1009 1259 (cfr.
1045 1178 1128 1242 Hes.
1167 1178 1296 1264 Theog.
1336 1179 1381 1244 38

208 1295 289 1360 Ilias
313 1293 355 1378 A,
381 1290 443 1377 70)
463 1279 499 1367 ὃς
527 1285 670 1378 δεδάηκα
693 1285 735 1354 τοὶ
758 1281 867 1354 τ’ὅνια
890 1283 1079 1372 ιἐοσόμενα
1102 1314 1171 1378 προ
1195 1284 1322 1354 τ’ἒόνια
1346 1300 1382 1358 et

207 1429 268 1496 pro
295 1409 423 1476 Pittaci
450 1409 536 1474 scito
569 1401 606 1470 τὸ
634 1399 707 1470 ἴσον
739 1403 810 1470 ἐστὶ
841 1409 900 1470 τοῦ
927 1401 1082 1482 πλείονος
1109 1403 1212 1471 πλέον
1234 1408 1382 1474 Hesiodi

208 1523 275 1614 (op.
300 1533 334 1592 et
358 1525 389 1591 d.
413 1549 447 1592 v.
463 1525 520 1606 40)
544 1517 581 1586 τὸ
606 1514 707 1610 ἥμισυ
731 1524 790 1586 τοῦ
813 1517 940 1600 παντὸς
962 1522 1080 1588 πλεῖον
1103 1514 1187 1587 εἶναι
1211 1525 1382 1592 Sosicrate

207 1649 342 1709 auctore
365 1641 488 1728 posuit.-

313 1758 386 1824 Iam
413 1779 494 1822 vero
517 1757 612 1844 prius
641 1747 813 1822 distichon
836 1753 882 1840 (v.
906 1758 934 1840 l,
959 1759 979 1822 2
1005 1745 1061 1818 Ἕκ
1084 1749 1219 1842 νεφέλης
1242 1750 1382 1818 πέλεται

207 1895 237 1936 a.
253 1895 282 1936 ι.
299 1871 340 1954 λ.)
366 1873 456 1961 apud
477 1873 699 1939 Plutarchum
723 1869 810 1956 (vita
838 1872 905 1938 Sol.
931 1897 959 1940 ο.
984 1873 1017 1953 3)
1041 1879 1134 1938 extat
1162 1872 1382 1938 coniunctum

209 2013 285 2056 oum
308 1990 362 2055 his
385 1989 540 2055 versibus
564 1987 677 2074 (frgm.
705 1988 773 2068 12);
1299 1968 1301 1975 ’

312 2095 367 2180 Ἐξ
388 2094 515 2184 ἀνέμων
538 2099 573 2166 δὲ
596 2096 753 2165 θάλασσα
776 2094 989 2188 ταράσσεται·
1014 2092 1053 2189 ἢν
1076 2098 1112 2164 δὲ
1135 2125 1186 2178 τις
1209 2093 1309 2189 αὐτὴν

315 2213 377 2306 Μὴ
399 2219 482 2306 κινῇ,
505 2211 640 2281 πάντων
664 2215 735 2280 ἐστι
759 2211 963 2305 δικαιοτάτη.

207 2339 280 2404 Hos
300 2358 417 2402 versus
439 2359 480 2401 ex
499 2336 562 2401 hoo
587 2358 716 2402 conexu
737 2335 800 2401 rh.
819 2335 990 2422 Bergkius
1007 2335 1169 2402 demovit.
1205 2337 1293 2402 Nam
1315 2335 1382 2402 duo

208 2453 364 2539 disticha,
381 2476 399 2517 e
416 2451 559 2518 diversis
576 2457 711 2540 sumpta
727 2451 942 2538 carminibus
960 2475 979 2518 a
994 2453 1177 2518 Plutarcho
1195 2452 1383 2538 composita

209 2594 282 2636 esse
298 2570 456 2658 opinatus
478 2574 539 2634 est.
575 2568 666 2634 Huic
687 2567 840 2654 opinioni
861 2569 1126 2656 acompluribus
1144 2568 1382 2655 comprobatae

207 2709 316 2774 nuper
338 2687 378 2751 B.
403 2685 507 2751 Niese
536 2684 569 2764 (l.
594 2685 616 2749 l.
640 2706 673 2770 p.
698 2684 719 2748 5
742 2684 784 2749 A.
812 2680 845 2766 1)
873 2683 1017 2748 obstitit.
1065 2685 1139 2749 Hoc
1163 2685 1276 2749 iudice
1298 2685 1381 2749 Plu-

207 2801 345 2868 tarchus
370 2803 459 2867 solus
480 2800 633 2866 nativam
649 2821 818 2865 acueram
835 2821 915 2886 prae
932 2822 968 2864 se
983 2798 1052 2864 fert
1068 2821 1226 2864 versuum
1242 2800 1380 2884 seriem;

209 2918 250 2983 ab
275 2917 461 2983 editoribus
485 2921 598 2982 autem
626 2915 743 3002 inepte
765 2915 819 2980 his
844 2921 1003 3000 quattuor
1026 2915 1083 2980 vel
1106 2913 1235 2982 duobus
1259 2916 1381 3004 priori-

208 3034 271 3100 bus
294 3034 449 3099 versibus
473 3032 657 3117 distichon,
687 3031 777 3118 quod
800 3031 843 3096 ad
865 3031 1040 3096 Pisistrati
1062 3032 1281 3116 tyrannidem
1303 3055 1380 3120 per-

208 3151 346 3234 tineret,
370 3149 568 3215 adiunctum
592 3170 674 3212 esse.
723 3147 889 3224 Quattuor
913 3145 1005 3212 enim
1028 3169 1161 3232 versus,
1192 3171 1275 3234 quos
1299 3149 1380 3213 Plu-

208 3263 345 3330 tarchus
381 3264 511 3348 attulit,
548 3287 568 3328 a
601 3262 701 3330 rebus
736 3263 883 3348 publicis
918 3285 1055 3350 prorsus
1088 3264 1216 3330 alienos
1247 3286 1320 3328 esse
1348 3264 1382 3330 ei

209 3381 322 3446 visum
349 3386 411 3445 est.
457 3380 644 3464 Utriusque
671 3379 848 3464 opiniones
878 3385 912 3443 et
939 3378 1113 3464 probanda
1142 3379 1323 3444 continent
1346 3385 1382 3444 et

208 3495 408 3582 respuenda.
440 3494 492 3561 Ao
512 3518 556 3560 ne
576 3495 662 3560 illud
683 3494 830 3582 quidem,
848 3493 939 3580 quod
953 3495 1120 3560 Ernestus
1138 3493 1180 3560 de
1195 3489 1380 3578 Leutsch3)

209 3611 361 3699 protulit,
385 3617 476 3677 recte
500 3612 706 3698 explicatum
729 3617 790 3676 est.
837 3611 934 3676 Nihil
961 3611 1019 3676 ille
1043 3610 1221 3678 adrerum
1244 3617 1380 3676 natura·

317 3786 344 3858 1)
363 3789 474 3840 πέλεται
493 3787 667 3842 Plutarchus
687 3805 800 3858 quoque
818 3785 943 3844 exhibet.

315 3887 344 3954 2)
362 3885 505 3940 Diodorus
533 3885 674 3940 hocloco
698 3884 814 3956 scripsit
837 3883 959 3956 atdpa‘p,
984 3885 1075 3940 altero
1094 3885 1156 3940 loco
1185 3883 1279 3953 (XIX,
1300 3885 1324 3954 1,
1342 3881 1380 3954 4),

210 3995 295 4047 quem
314 3993 329 4030 e
348 3993 419 4032 voce
431 3968 566 4046 τυράννου
578 3992 630 4046 pro
642 3967 788 4046 μονάρχου
800 3979 920 4045 apparet
933 3974 1134 4046 depromptum
1145 3991 1205 4028 esse
1218 3974 1253 4028 de
1266 3971 1380 4028 diverso

208 4065 298 4134 fonte,
319 4063 413 4136 αἰδοίῃ
433 4064 497 4132 (cfr.
516 4064 551 4118 de
570 4063 759 4137 diphthongis
778 4063 830 4118 Th.
849 4063 968 4134 Bergkii
987 4082 1052 4117 ann.
1066 4064 1110 4118 ad.
1130 4063 1296 4134 Theognv.
1308 4060 1379 4132 705).

208 4155 255 4208 Hx
272 4151 536 4225 interpretamentis
556 4153 632 4224 apud
650 4153 812 4223 Diogenem
837 4151 867 4205 in
886 4153 1046 4207 carminum
1066 4151 1225 4207 orationem
1243 4151 1275 4206 iu
1292 4151 1379 4223 frgm.

210 4245 243 4298 11
262 4262 289 4300 v.
309 4245 324 4298 1
344 4243 364 4297 f.
383 4260 436 4314 pro
455 4235 542 4313 λυγρά
562 4235 640 4296 δεινά
660 4247 688 4296 et
706 4259 758 4312 pro
778 4235 888 4313 ρὺματα
907 4243 954 4298 vel
978 4234 1101 4313 ἔρῦματα
1126 4234 1208 4312 priore
1231 4240 1380 4312 irrepsisse

209 4337 433 4388 cousentaneum
452 4337 503 4386 est.

314 4427 343 4500 3)
361 4429 504 4500 Philolog.
525 4429 582 4484 vol.
601 4429 635 4484 31
654 4427 742 4484 Solon
760 4427 890 4487 Jhresbr.
910 4447 937 4499 p.
958 4429 1017 4484 136.
