3086 5134
659 325 679 389 5

561 415 774 424 —.—-..--

80 539 184 605 huius
208 539 298 626 apud
320 539 417 604 illum
433 539 589 625 vestigia.
622 539 762 604 Etenim
777 537 1010 624 Anarcharsis,
1027 539 1119 624 Bias,
1137 539 1251 625 Solon,

79 655 237 720 Pittacus
260 655 408 721 Diodoro
432 661 566 720 auctore
589 655 761 721 intersunh
785 655 976 720 conventui.
1019 654 1102 732 Quis
1126 631 1251 720 diiudi-

80 793 159 836 care
182 769 314 856 audead,
337 771 550 837 Diodorusne
574 779 701 860 eeteros
725 771 895 858 sapienles
920 771 1072 837 omiserit
1100 773 1251 838 aneclo·

78 887 217 972 garius?
263 888 339 952 Hoc
362 886 547 952 tenendum
572 893 637 973 esa,
660 887 847 952 Diodorum
870 887 982 973 ipsum
1006 887 1148 952 Thalem
1172 909 1251 952 con·

79 1003 172 1068 sulio
195 1003 297 1088 idque
320 1003 457 1090 Ephoro
481 1011 616 1068 auclore
644 1003 807 1068 omisisse.
864 1003 952 1068 Nam
986 1002 1043 1068 hio
1078 997 1250 1082 Thaleml)

79 1141 101 1182 a
126 1126 297 1184 conventu
320 1119 520 1206 Sapientum
545 1118 634 1206 apud
663 1119 824 1184 Croesum
851 1117 967 1183 habile
1003 1117 1141 1184 seclusit
1175 1114 1250 1214 (cfr.

79 1236 195 1301 Laerl.
224 1235 370 1321 Diogen.
401 1235 428 1318 1,
452 1236 497 1300 40
530 1227 620 1320 πλὴν
650 1231 783 1317 Θαλοῦ).
841 1233 956 1319 Atque
989 1241 1029 1299 ul
1060 1233 1097 1298 in
1123 1233 1186 1298 hac
1214 1256 1250 1298 re

78 1349 252 1416 Diodorus
274 1351 451 1438 Ephorum
478 1357 612 1416 securus
641 1373 713 1415 esse
736 1350 906 1434 videatur,
936 1349 985 1414 ita
1006 1347 1251 1414 Anacharsidis

79 1467 253 1532 orationes
287 1467 378 1533 hunc
412 1467 610 1554 respiciunt.
660 1467 723 1532 Ele
747 1466 839 1530 enim
862 1465 904 1530 ab
926 1460 1096 1552 Eph0r02)
1121 1471 1252 1552 sepiem

80 1581 284 1668 Sapientum
307 1583 345 1648 in
368 1605 508 1649 numero
531 1582 681 1666 habitus,
718 1582 759 1647 ab
789 1582 907 1647 eodem
931 1581 1071 1646 summis
1094 1580 1251 1646 laudibus

80 1698 193 1762 elatus
228 1703 288 1763 esi.
348 1699 472 1765 Totum
499 1699 605 1784 igitur
633 1697 863 1783 fragmentum
887 1719 928 1762 ex
950 1697 1088 1784 Ephoro
1112 1697 1251 1764 ducrum

79 1835 157 1878 esse
180 1813 467 1880 verisimillimum
491 1820 551 1880 est.

189 1928 304 2014 Atque
327 1935 399 1994 lota
428 1929 469 1994 de
493 1929 611 1996 Croesi
633 1929 706 1995 vila
728 1929 876 1994 narratio
899 1936 938 1994 ub
961 1929 1151 1994 conectitur
1175 1952 1252 1995 oum

78 2044 145 2110 hac
180 2043 306 2129 fabula,
343 2045 392 2110 ita
426 2045 571 2110 eundem
599 2045 756 2110 habuisse
783 2045 920 2110 videtur
946 2043 1086 2110 fontem.
1133 2046 1251 2130 Neque
1303 2048 1305 2054 ’

79 2183 160 2225 ο11111
183 2158 246 2225 hac
270 2161 429 2247 opinione
451 2167 620 2249 repugnat
643 2161 825 2247 insequens
854 2160 895 2225 de
918 2159 1054 2247 Aesopo
1083 2183 1251 2226 commen-

79 2283 157 2340 tum
181 2273 260 2358 (28).
292 2276 502 2362 Quamquam
526 2277 714 2342 certissima
734 2277 792 2341 illa
808 2276 1018 2362 documenta,
1043 2300 1127 2362 quae
1142 2279 1250 2344 multo

80 2399 162 2457 ante
185 2391 373 2457 Alexandri
399 2391 518 2478 Magni
545 2399 692 2458 aetatem
721 2391 762 2457 de
785 2392 914 2479 Aesopi
937 2414 1014 2457 oum
1037 2400 1167 2480 sepiem
1190 2394 1250 2460 Sa·
1312 2451 1316 2458 .

78 2507 257 2592 pieniibus
280 2509 336 2573 vel
354 2509 475 2574 Croeso
500 2507 745 2574 consuetudine
766 2531 840 2573 sese
858 2508 1026 2574 detexisse
1043 2509 1250 2576 G.Welcke·

79 2645 140 2687 rus
148 2617 174 2704 3)
198 2623 279 2687 olim
302 2624 447 2709 pulavit,
471 2623 514 2689 ad
537 2625 672 2690 irritum
696 2625 901 2690 ceciderunt.
947 2623 1057 2710 Alqui
1083 2624 1147 2690 hoo
1171 2648 1250 2691 con-

80 2737 273 2802 cedendum
297 2746 357 2824 σοι,
382 2739 470 2806 nihil
494 2763 512 2805 e
535 2741 737 2828 scriptorum
761 2741 896 2806 silencio
921 2740 1037 2826 colligi
1058 2763 1168 2827 posse.

191 2853 259 2920 Sed
274 2855 471 2942 priusquam
494 2856 756 2942 progrediamur,
780 2855 956 2944 paululum
976 2856 1197 2923 subsislamus
1214 2857 1252 2922 in

79 2974 233 3035 extremo
261 2969 453 3056 fragmento
481 2969 563 3055 (28):
598 2961 712 3046 Αὐτὸς
740 2967 775 3032 δὲ
802 2966 1046 3050 πεπλασμένως
1073 2964 1161 3054 ἔλεγε
1192 2966 1251 3059 τὴν

78 3079 142 3164 μὲν
157 3078 247 3170 νίκην
263 3075 362 3171 ἀρειῇ
377 3080 434 3147 καὶ
451 3075 487 3148 οὗ
504 3080 729 3172 πολυπληθίᾳ
747 3076 892 3172 ἀνδρῶν
914 3081 1095 3169 γίγνεσθαι.
1128 3089 1250 3154 Narra·

78 3205 180 3266 verat
202 3207 316 3266 aulem
338 3201 466 3288 Aesopi
493 3201 602 3268 facete
630 3203 773 3268 dicium:
809 3192 853 3276 ὡς
876 3192 995 3288 ιἥκιστα
1019 3193 1040 3288 ἢ
1064 3193 1108 3278 ὡς
1131 3191 1250 3288 ἥδιστα

80 3317 242 3396 συμβιοῦν
264 3317 336 3391 τοῖς
358 3310 522 3392 τοιούτοις
545 3315 690 3402 (scilicet
714 3310 909 3398 δυνάσταις).
941 3320 1017 3384 Duo
1041 3318 1141 3384 huius
1166 3319 1251 3384 scita
1287 3315 1289 3320 ’

78 3433 176 3498 nullo
199 3439 298 3519 paolo
322 3433 412 3498 inter
435 3456 508 3499 sese
532 3435 708 3500 cohaerere
729 3440 882 3520 apertum
906 3441 967 3500 esl.
1001 3434 1052 3502 Ob
1070 3435 1106 3500 id
1121 3436 1165 3501 H.
1182 3458 1250 3500 van

78 3647 296 3656 ...-—-—.-......

192 3803 218 3875 1)
237 3805 357 3860 Thalem
376 3821 427 3858 cur
444 3805 577 3877 Ephorus
596 3804 626 3858 in
645 3809 819 3859 conventum
837 3823 896 3860 non
915 3805 1077 3878 recepisset,
1091 3823 1157 3860 eum
1170 3805 1250 3875 alios,

79 3901 147 3948 tum
166 3893 320 3948 Aemilium
337 3894 502 3949 Bohrenum
522 3892 1249 3966 (deseplemSapientibusdissBonn.1867p.57)

79 3981 195 4053 fugisse
217 3982 313 4037 miror.
353 3983 397 4038 De
416 3983 535 4038 Thalete
553 3981 665 4036 rettulit
683 3983 779 4037 Laerl.
798 3983 919 4054 Diogen.
938 3985 962 4053 Ι,
981 3985 1028 4038 25:
1056 3989 1179 4054 Κροίσου
1197 3976 1250 4054 γὰρ

80 4075 283 4142 πέμψαντος
296 4064 364 4143 πρὸς
377 4075 533 4137 Μιλησίους
546 4074 591 4124 ἐπὶ
605 4077 761 4144 συμμαχίᾳ,
776 4067 917 4126 ἐκώλυσεν.
943 4071 1073 4144 Apparet
1085 4071 1161 4127 enim
1174 4072 1251 4127 hunc

79 4162 177 4216 locum
196 4160 306 4231 Ephori
324 4160 495 4232 fragmentis
514 4160 737 4216 adiudicandum
755 4179 824 4217 esse.

190 4284 219 4355 2)
239 4283 282 4340 Cf.
308 4285 403 4340 Ladrt.
427 4285 511 4358 Diog.
531 4285 553 4358 I,
572 4287 619 4340 41:
644 4276 764 4358 Ἔφορος
787 4285 818 4340 δὲ
843 4279 902 4340 ἀντὶ
927 4280 1066 4345 Μύσωνος
1086 4280 1251 4358 Ἀνάχαρσιν

81 4373 154 4446 (scil.
175 4373 312 4444 ἐγκρίνει).

193 4498 220 4569 3)
239 4499 286 4554 ΚΙ.
306 4499 450 4555 Schriften
470 4519 521 4554 zur
539 4520 581 4572 gr.
601 4501 857 4572 Litteraturgesch.
878 4501 909 4558 11
927 4520 954 4574 p.
972 4503 1033 4556 228.
