<?xml version="1.0" encoding="UTF-8"?>
<!DOCTYPE html PUBLIC "-//W3C//DTD XHTML 1.0 Transitional//EN"
    "http://www.w3.org/TR/xhtml1/DTD/xhtml1-transitional.dtd">
<html xmlns="http://www.w3.org/1999/xhtml" xml:lang="en" lang="en">
 <head>
  <title>
</title>
<meta http-equiv="Content-Type" content="text/html;charset=utf-8" />
  <meta name='ocr-system' content='tesseract 3.04.00' />
  <meta name='ocr-capabilities' content='ocr_page ocr_carea ocr_par ocr_line ocrx_word'/>
</head>
<body>
  <div class='ocr_page' id='page_1' title='image "adsolonisaetate01stetgoog_0016.png"; bbox 0 0 3086 5134; ppageno 0'>
   <div class='ocr_carea' id='block_1_1' title="bbox 736 281 756 346">
    <p class='ocr_par' dir='ltr' id='par_1_1' title="bbox 736 281 756 346">
     <span class='ocr_line' id='line_1_1' title="bbox 736 281 756 346; baseline 0 0"><span class='ocrx_word' id='word_1_1' title='bbox 736 281 756 346; x_wconf 87' lang='grc'><strong>9</strong></span> 
     </span>
    </p>
   </div>
   <div class='ocr_carea' id='block_1_2' title="bbox 638 370 849 378">
    <p class='ocr_par' dir='ltr' id='par_1_2' title="bbox 638 370 849 378">
     <span class='ocr_line' id='line_1_2' title="bbox 638 370 849 378; baseline -0.005 0"><span class='ocrx_word' id='word_1_2' title='bbox 638 370 849 378; x_wconf 74' lang='lat'>-—--—-—-</span> 
     </span>
    </p>
   </div>
   <div class='ocr_carea' id='block_1_3' title="bbox 159 469 1329 1738">
    <p class='ocr_par' dir='ltr' id='par_1_3' title="bbox 159 469 1329 1738">
     <span class='ocr_line' id='line_1_3' title="bbox 161 469 1327 582; baseline -0.005 -21"><span class='ocrx_word' id='word_1_3' title='bbox 161 493 197 581; x_wconf 87' lang='lat'>(1.</span> <span class='ocrx_word' id='word_1_4' title='bbox 222 497 243 560; x_wconf 88' lang='lat' dir='ltr'>l.</span> <span class='ocrx_word' id='word_1_5' title='bbox 267 517 299 582; x_wconf 88' lang='lat' dir='ltr'>p.</span> <span class='ocrx_word' id='word_1_6' title='bbox 324 491 381 578; x_wconf 86' lang='grc'>38)</span> <span class='ocrx_word' id='word_1_7' title='bbox 403 502 493 562; x_wconf 88' lang='lat' dir='ltr'>recte</span> <span class='ocrx_word' id='word_1_8' title='bbox 517 495 704 562; x_wconf 85' lang='lat' dir='ltr'>annotavit.</span> <span class='ocrx_word' id='word_1_9' title='bbox 713 489 737 574; x_wconf 89' lang='lat'>1)</span> <span class='ocrx_word' id='word_1_10' title='bbox 783 495 857 560; x_wconf 90' lang='lat' dir='ltr'>Hoc</span> <span class='ocrx_word' id='word_1_11' title='bbox 890 493 994 576; x_wconf 91' lang='lat' dir='ltr'>enim,</span> <span class='ocrx_word' id='word_1_12' title='bbox 1028 497 1067 556; x_wconf 89' lang='lat' dir='ltr'>ut</span> <span class='ocrx_word' id='word_1_13' title='bbox 1090 491 1131 556; x_wconf 90' lang='lat' dir='ltr'>ab</span> <span class='ocrx_word' id='word_1_14' title='bbox 1154 469 1327 556; x_wconf 75' lang='lat' dir='ltr'>Herodoto</span> 
     </span>
     <span class='ocr_line' id='line_1_4' title="bbox 161 597 1327 697; baseline -0.011 -20"><span class='ocrx_word' id='word_1_15' title='bbox 161 611 416 695; x_wconf 85' lang='lat' dir='ltr'>alienissimum,</span> <span class='ocrx_word' id='word_1_16' title='bbox 441 612 491 676; x_wconf 92' lang='lat' dir='ltr'>ita</span> <span class='ocrx_word' id='word_1_17' title='bbox 512 610 602 676; x_wconf 85' lang='lat' dir='ltr'><strong>nihil</strong></span> <span class='ocrx_word' id='word_1_18' title='bbox 625 611 666 675; x_wconf 90' lang='lat' dir='ltr'>de</span> <span class='ocrx_word' id='word_1_19' title='bbox 691 611 747 676; x_wconf 90' lang='lat' dir='ltr'>dei</span> <span class='ocrx_word' id='word_1_20' title='bbox 762 633 931 697; x_wconf 90' lang='lat' dir='ltr'>responso,</span> <span class='ocrx_word' id='word_1_21' title='bbox 957 607 1047 694; x_wconf 90' lang='lat' dir='ltr'>quod</span> <span class='ocrx_word' id='word_1_22' title='bbox 1067 606 1110 672; x_wconf 90' lang='lat' dir='ltr'>ad</span> <span class='ocrx_word' id='word_1_23' title='bbox 1126 597 1327 679; x_wconf 78' lang='grc' dir='ltr'><em>δονωτάτοος</em></span> 
     </span>
     <span class='ocr_line' id='line_1_5' title="bbox 161 717 1327 812; baseline -0.001 -24"><span class='ocrx_word' id='word_1_24' title='bbox 161 727 227 788; x_wconf 79' lang='grc' dir='ltr'>τῶν</span> <span class='ocrx_word' id='word_1_25' title='bbox 247 717 407 812; x_wconf 79' lang='grc' dir='ltr'><em>Ἑλλήνων</em></span> <span class='ocrx_word' id='word_1_26' title='bbox 429 733 574 812; x_wconf 87' lang='lat' dir='ltr'>spectat,</span> <span class='ocrx_word' id='word_1_27' title='bbox 599 726 747 792; x_wconf 77' lang='lat' dir='ltr'><strong>exhibet.</strong></span> <span class='ocrx_word' id='word_1_28' title='bbox 791 727 900 790; x_wconf 82' lang='lat' dir='ltr'>Immo</span> <span class='ocrx_word' id='word_1_29' title='bbox 928 726 966 790; x_wconf 89' lang='lat' dir='ltr'>in</span> <span class='ocrx_word' id='word_1_30' title='bbox 993 724 1057 789; x_wconf 90' lang='lat' dir='ltr'>hoc</span> <span class='ocrx_word' id='word_1_31' title='bbox 1080 729 1236 788; x_wconf 87' lang='lat' dir='ltr'>narratur</span> <span class='ocrx_word' id='word_1_32' title='bbox 1258 723 1327 788; x_wconf 84' lang='lat' dir='ltr'>Eu-</span> 
     </span>
     <span class='ocr_line' id='line_1_6' title="bbox 161 837 1327 929; baseline -0.005 -21"><span class='ocrx_word' id='word_1_33' title='bbox 161 843 320 929; x_wconf 83' lang='lat' dir='ltr'>rybatum</span> <span class='ocrx_word' id='word_1_34' title='bbox 335 866 355 908; x_wconf 91' lang='lat' dir='ltr'>a</span> <span class='ocrx_word' id='word_1_35' title='bbox 371 843 495 908; x_wconf 82' lang='lat' dir='ltr'>Croeso</span> <span class='ocrx_word' id='word_1_36' title='bbox 518 843 555 908; x_wconf 91' lang='lat' dir='ltr'>in</span> <span class='ocrx_word' id='word_1_37' title='bbox 572 843 749 914; x_wconf 76' lang='lat' dir='ltr'>Graeciam</span> <span class='ocrx_word' id='word_1_38' title='bbox 772 843 913 908; x_wconf 91' lang='lat' dir='ltr'>missum</span> <span class='ocrx_word' id='word_1_39' title='bbox 937 863 1019 924; x_wconf 89' lang='lat' dir='ltr'>esse,</span> <span class='ocrx_word' id='word_1_40' title='bbox 1044 845 1083 905; x_wconf 88' lang='lat' dir='ltr'>ut</span> <span class='ocrx_word' id='word_1_41' title='bbox 1107 862 1148 904; x_wconf 85' lang='lat' dir='ltr'>ex</span> <span class='ocrx_word' id='word_1_42' title='bbox 1171 837 1327 904; x_wconf 89' lang='lat' dir='ltr'>omnibus</span> 
     </span>
     <span class='ocr_line' id='line_1_7' title="bbox 162 953 1327 1045; baseline -0.004 -22"><span class='ocrx_word' id='word_1_43' title='bbox 162 959 368 1024; x_wconf 81' lang='lat' dir='ltr'>Graecorum</span> <span class='ocrx_word' id='word_1_44' title='bbox 391 958 587 1023; x_wconf 84' lang='lat' dir='ltr'>civitatibus</span> <span class='ocrx_word' id='word_1_45' title='bbox 611 959 896 1045; x_wconf 87' lang='lat' dir='ltr'>quamplurimos</span> <span class='ocrx_word' id='word_1_46' title='bbox 919 957 1107 1022; x_wconf 86' lang='lat' dir='ltr'>ascisceret.</span> <span class='ocrx_word' id='word_1_47' title='bbox 1151 953 1224 1020; x_wconf 80' lang='lat' dir='ltr'>Iam</span> <span class='ocrx_word' id='word_1_48' title='bbox 1247 976 1327 1019; x_wconf 87' lang='lat' dir='ltr'>vero</span> 
     </span>
     <span class='ocr_line' id='line_1_8' title="bbox 161 1071 1329 1160; baseline -0.004 -20"><span class='ocrx_word' id='word_1_49' title='bbox 161 1074 198 1140; x_wconf 91' lang='lat' dir='ltr'>in</span> <span class='ocrx_word' id='word_1_50' title='bbox 226 1073 417 1160; x_wconf 85' lang='lat' dir='ltr'>fragmento</span> <span class='ocrx_word' id='word_1_51' title='bbox 445 1075 497 1158; x_wconf 84' lang='lat'>31,</span> <span class='ocrx_word' id='word_1_52' title='bbox 527 1075 544 1138; x_wconf 82' lang='lat'>1</span> <span class='ocrx_word' id='word_1_53' title='bbox 569 1079 686 1140; x_wconf 86' lang='lat' dir='ltr'>contra</span> <span class='ocrx_word' id='word_1_54' title='bbox 708 1073 875 1139; x_wconf 78' lang='lat' dir='ltr'>Herodoti</span> <span class='ocrx_word' id='word_1_55' title='bbox 897 1072 1134 1138; x_wconf 87' lang='lat' dir='ltr'>auctoritatem</span> <span class='ocrx_word' id='word_1_56' title='bbox 1158 1071 1329 1137; x_wconf 87' lang='lat' dir='ltr'>oraculum</span> 
     </span>
     <span class='ocr_line' id='line_1_9' title="bbox 160 1165 1328 1256; baseline -0.003 -2"><span class='ocrx_word' id='word_1_57' title='bbox 160 1189 247 1255; x_wconf 88' lang='lat' dir='ltr'>illud</span> <span class='ocrx_word' id='word_1_58' title='bbox 275 1189 316 1254; x_wconf 90' lang='lat' dir='ltr'>de</span> <span class='ocrx_word' id='word_1_59' title='bbox 344 1190 504 1256; x_wconf 88' lang='lat' dir='ltr'>societate</span> <span class='ocrx_word' id='word_1_60' title='bbox 527 1213 604 1255; x_wconf 89' lang='lat' dir='ltr'>cum</span> <span class='ocrx_word' id='word_1_61' title='bbox 625 1191 766 1256; x_wconf 69' lang='lat' dir='ltr'>¹Crraecis</span> <span class='ocrx_word' id='word_1_62' title='bbox 795 1165 944 1255; x_wconf 86' lang='lat' dir='ltr'>ineunda</span> <span class='ocrx_word' id='word_1_63' title='bbox 967 1189 1146 1255; x_wconf 90' lang='lat' dir='ltr'>omittitur.</span> <span class='ocrx_word' id='word_1_64' title='bbox 1193 1185 1248 1252; x_wconf 86' lang='lat' dir='ltr'>Ab</span> <span class='ocrx_word' id='word_1_65' title='bbox 1273 1209 1328 1250; x_wconf 87' lang='lat' dir='ltr'>ex·</span> 
     </span>
     <span class='ocr_line' id='line_1_10' title="bbox 161 1299 1328 1393; baseline -0.003 -23"><span class='ocrx_word' id='word_1_66' title='bbox 161 1305 370 1393; x_wconf 86' lang='lat' dir='ltr'>carptoribus</span> <span class='ocrx_word' id='word_1_67' title='bbox 395 1311 508 1370; x_wconf 90' lang='lat' dir='ltr'>autem</span> <span class='ocrx_word' id='word_1_68' title='bbox 535 1329 671 1372; x_wconf 87' lang='lat' dir='ltr'>versum</span> <span class='ocrx_word' id='word_1_69' title='bbox 701 1299 844 1371; x_wconf 86' lang='lat' dir='ltr'>alterum</span> <span class='ocrx_word' id='word_1_70' title='bbox 872 1311 931 1370; x_wconf 90' lang='lat' dir='ltr'>aut</span> <span class='ocrx_word' id='word_1_71' title='bbox 953 1305 1065 1391; x_wconf 89' lang='lat' dir='ltr'>plures</span> <span class='ocrx_word' id='word_1_72' title='bbox 1089 1304 1231 1370; x_wconf 88' lang='lat' dir='ltr'>omissos</span> <span class='ocrx_word' id='word_1_73' title='bbox 1255 1325 1328 1367; x_wconf 88' lang='lat' dir='ltr'>esse</span> 
     </span>
     <span class='ocr_line' id='line_1_11' title="bbox 159 1419 1328 1506; baseline -0.002 -20"><span class='ocrx_word' id='word_1_74' title='bbox 159 1421 502 1487; x_wconf 86' lang='lat' dir='ltr'>veridissimillimum</span> <span class='ocrx_word' id='word_1_75' title='bbox 537 1427 597 1486; x_wconf 90' lang='lat' dir='ltr'>est.</span> <span class='ocrx_word' id='word_1_76' title='bbox 644 1421 742 1488; x_wconf 89' lang='lat' dir='ltr'>Nihil</span> <span class='ocrx_word' id='word_1_77' title='bbox 769 1421 875 1506; x_wconf 89' lang='lat' dir='ltr'>igitur</span> <span class='ocrx_word' id='word_1_78' title='bbox 899 1421 1025 1504; x_wconf 88' lang='lat' dir='ltr'>obstat,</span> <span class='ocrx_word' id='word_1_79' title='bbox 1061 1419 1240 1506; x_wconf 88' lang='lat' dir='ltr'>quominus</span> <span class='ocrx_word' id='word_1_80' title='bbox 1263 1419 1328 1484; x_wconf 91' lang='lat' dir='ltr'>hoo</span> 
     </span>
     <span class='ocr_line' id='line_1_12' title="bbox 160 1533 1326 1624; baseline -0.003 -22"><span class='ocrx_word' id='word_1_81' title='bbox 160 1537 391 1624; x_wconf 69' lang='lat' dir='ltr'>fragmentum</span> <span class='ocrx_word' id='word_1_82' title='bbox 415 1535 481 1623; x_wconf 86' lang='lat'>(31,</span> <span class='ocrx_word' id='word_1_83' title='bbox 508 1537 538 1614; x_wconf 83' lang='lat'>1)</span> <span class='ocrx_word' id='word_1_84' title='bbox 563 1561 605 1603; x_wconf 88' lang='lat' dir='ltr'>ex</span> <span class='ocrx_word' id='word_1_85' title='bbox 630 1537 747 1603; x_wconf 90' lang='lat' dir='ltr'>eodem</span> <span class='ocrx_word' id='word_1_86' title='bbox 768 1537 872 1622; x_wconf 88' lang='lat' dir='ltr'>fonte,</span> <span class='ocrx_word' id='word_1_87' title='bbox 898 1559 963 1622; x_wconf 93' lang='lat' dir='ltr'>quo</span> <span class='ocrx_word' id='word_1_88' title='bbox 983 1535 1069 1602; x_wconf 83' lang='lat' dir='ltr'>iilud</span> <span class='ocrx_word' id='word_1_89' title='bbox 1089 1533 1131 1600; x_wconf 91' lang='lat' dir='ltr'>de</span> <span class='ocrx_word' id='word_1_90' title='bbox 1150 1535 1326 1621; x_wconf 85' lang='lat' dir='ltr'>Eurybato</span> 
     </span>
     <span class='ocr_line' id='line_1_13' title="bbox 160 1649 622 1738; baseline 0.002 -20"><span class='ocrx_word' id='word_1_91' title='bbox 160 1649 239 1738; x_wconf 86' lang='lat'>(39),</span> <span class='ocrx_word' id='word_1_92' title='bbox 264 1653 403 1718; x_wconf 85' lang='lat' dir='ltr'>fluxisse</span> <span class='ocrx_word' id='word_1_93' title='bbox 427 1660 622 1719; x_wconf 86' lang='lat' dir='ltr'>statuamus.</span> 
     </span>
    </p>
   </div>
   <div class='ocr_carea' id='block_1_4' title="bbox 158 1783 1329 2202">
    <p class='ocr_par' dir='ltr' id='par_1_4' title="bbox 158 1783 1329 2202">
     <span class='ocr_line' id='line_1_14' title="bbox 265 1783 1327 1874; baseline -0.004 -22"><span class='ocrx_word' id='word_1_94' title='bbox 265 1788 339 1854; x_wconf 86' lang='lat' dir='ltr'>Iam</span> <span class='ocrx_word' id='word_1_95' title='bbox 362 1787 592 1874; x_wconf 82' lang='lat' dir='ltr'>fragmentum</span> <span class='ocrx_word' id='word_1_96' title='bbox 607 1787 651 1852; x_wconf 87' lang='grc'>34</span> <span class='ocrx_word' id='word_1_97' title='bbox 673 1793 712 1852; x_wconf 90' lang='lat' dir='ltr'>ut</span> <span class='ocrx_word' id='word_1_98' title='bbox 735 1786 904 1874; x_wconf 89' lang='lat' dir='ltr'>discrepat</span> <span class='ocrx_word' id='word_1_99' title='bbox 927 1786 968 1852; x_wconf 92' lang='lat' dir='ltr'>ab</span> <span class='ocrx_word' id='word_1_100' title='bbox 993 1787 1052 1870; x_wconf 88' lang='lat' dir='ltr'>eis,</span> <span class='ocrx_word' id='word_1_101' title='bbox 1077 1808 1162 1872; x_wconf 91' lang='lat' dir='ltr'>quae</span> <span class='ocrx_word' id='word_1_102' title='bbox 1183 1785 1221 1850; x_wconf 89' lang='lat' dir='ltr'>in</span> <span class='ocrx_word' id='word_1_103' title='bbox 1236 1783 1327 1870; x_wconf 87' lang='lat' dir='ltr'>frag-</span> 
     </span>
     <span class='ocr_line' id='line_1_15' title="bbox 159 1900 1327 1988; baseline -0.003 -20"><span class='ocrx_word' id='word_1_104' title='bbox 159 1911 276 1969; x_wconf 91' lang='lat' dir='ltr'>mento</span> <span class='ocrx_word' id='word_1_105' title='bbox 300 1904 320 1968; x_wconf 88' lang='grc'><strong>2</strong></span> <span class='ocrx_word' id='word_1_106' title='bbox 344 1904 386 1969; x_wconf 93' lang='lat' dir='ltr'>de</span> <span class='ocrx_word' id='word_1_107' title='bbox 411 1904 527 1970; x_wconf 81' lang='lat' dir='ltr'>Croesi</span> <span class='ocrx_word' id='word_1_108' title='bbox 551 1904 644 1968; x_wconf 88' lang='lat' dir='ltr'>exitu</span> <span class='ocrx_word' id='word_1_109' title='bbox 666 1908 861 1988; x_wconf 88' lang='lat' dir='ltr'>narrantur,</span> <span class='ocrx_word' id='word_1_110' title='bbox 896 1903 945 1967; x_wconf 90' lang='lat' dir='ltr'>ita</span> <span class='ocrx_word' id='word_1_111' title='bbox 968 1924 1044 1967; x_wconf 87' lang='lat' dir='ltr'>cum</span> <span class='ocrx_word' id='word_1_112' title='bbox 1067 1901 1260 1987; x_wconf 85' lang='lat' dir='ltr'>fragmento</span> <span class='ocrx_word' id='word_1_113' title='bbox 1284 1900 1327 1964; x_wconf 92' lang='grc'>27</span> 
     </span>
     <span class='ocr_line' id='line_1_16' title="bbox 158 2017 1329 2104; baseline -0.003 -20"><span class='ocrx_word' id='word_1_114' title='bbox 158 2019 246 2084; x_wconf 91' lang='lat' dir='ltr'>bene</span> <span class='ocrx_word' id='word_1_115' title='bbox 270 2020 435 2104; x_wconf 90' lang='lat' dir='ltr'>congruit.</span> <span class='ocrx_word' id='word_1_116' title='bbox 479 2021 567 2086; x_wconf 89' lang='lat' dir='ltr'>Nam</span> <span class='ocrx_word' id='word_1_117' title='bbox 590 2020 627 2084; x_wconf 91' lang='lat' dir='ltr'>in</span> <span class='ocrx_word' id='word_1_118' title='bbox 649 2024 792 2104; x_wconf 90' lang='lat' dir='ltr'>utroque</span> <span class='ocrx_word' id='word_1_119' title='bbox 815 2041 885 2084; x_wconf 91' lang='lat' dir='ltr'>non</span> <span class='ocrx_word' id='word_1_120' title='bbox 908 2018 1017 2084; x_wconf 89' lang='lat' dir='ltr'>omnis</span> <span class='ocrx_word' id='word_1_121' title='bbox 1041 2017 1174 2083; x_wconf 69' lang='lat' dir='ltr'>fabulae</span> <span class='ocrx_word' id='word_1_122' title='bbox 1198 2031 1329 2082; x_wconf 86' lang='lat' dir='ltr'>summa</span> 
     </span>
     <span class='ocr_line' id='line_1_17' title="bbox 160 2134 759 2202; baseline 0.003 -2"><span class='ocrx_word' id='word_1_123' title='bbox 160 2135 199 2200; x_wconf 91' lang='lat' dir='ltr'>in</span> <span class='ocrx_word' id='word_1_124' title='bbox 223 2135 346 2200; x_wconf 86' lang='lat' dir='ltr'>Solone</span> <span class='ocrx_word' id='word_1_125' title='bbox 370 2136 439 2201; x_wconf 86' lang='lat' dir='ltr'>solo</span> <span class='ocrx_word' id='word_1_126' title='bbox 462 2135 591 2200; x_wconf 88' lang='lat' dir='ltr'>versari</span> <span class='ocrx_word' id='word_1_127' title='bbox 613 2134 759 2202; x_wconf 85' lang='lat' dir='ltr'>videtur.</span> 
     </span>
    </p>
   </div>
   <div class='ocr_carea' id='block_1_5' title="bbox 158 2268 1327 2470">
    <p class='ocr_par' dir='ltr' id='par_1_5' title="bbox 158 2268 1327 2470">
     <span class='ocr_line' id='line_1_18' title="bbox 265 2268 1326 2355; baseline -0.005 -21"><span class='ocrx_word' id='word_1_128' title='bbox 265 2269 295 2334; x_wconf 85' lang='grc' dir='ltr'>Ε</span> <span class='ocrx_word' id='word_1_129' title='bbox 331 2269 550 2354; x_wconf 87' lang='lat' dir='ltr'>sequentibus</span> <span class='ocrx_word' id='word_1_130' title='bbox 585 2268 684 2334; x_wconf 90' lang='lat' dir='ltr'>modo</span> <span class='ocrx_word' id='word_1_131' title='bbox 718 2268 947 2355; x_wconf 77' lang='lat' dir='ltr'>fragmentum</span> <span class='ocrx_word' id='word_1_132' title='bbox 979 2269 1031 2353; x_wconf 84' lang='lat'>36,</span> <span class='ocrx_word' id='word_1_133' title='bbox 1063 2268 1084 2332; x_wconf 82' lang='lat'>5</span> <span class='ocrx_word' id='word_1_134' title='bbox 1119 2287 1326 2353; x_wconf 88' lang='lat' dir='ltr'>expromam:</span> 
     </span>
     <span class='ocr_line' id='line_1_19' title="bbox 158 2371 1327 2470; baseline -0.003 -26"><span class='ocrx_word' id='word_1_135' title='bbox 158 2383 317 2468; x_wconf 87' lang='grc' dir='ltr'><em>Κρεῖττον</em></span> <span class='ocrx_word' id='word_1_136' title='bbox 340 2376 399 2468; x_wconf 77' lang='grc' dir='ltr'>γὰρ</span> <span class='ocrx_word' id='word_1_137' title='bbox 423 2373 506 2445; x_wconf 83' lang='grc' dir='ltr'><em>εἶναι</em></span> <span class='ocrx_word' id='word_1_138' title='bbox 529 2371 716 2470; x_wconf 74' lang='grc' dir='ltr'><em>τελευτᾶν-ἥ</em></span> <span class='ocrx_word' id='word_1_139' title='bbox 738 2379 860 2460; x_wconf 80' lang='grc' dir='ltr'><em>ζῶντας</em></span> <span class='ocrx_word' id='word_1_140' title='bbox 883 2375 1017 2457; x_wconf 72' lang='grc' dir='ltr'><em>ἑαυτοὺς</em></span> <span class='ocrx_word' id='word_1_141' title='bbox 1037 2374 1200 2463; x_wconf 74' lang='grc' dir='ltr'><em>μετὰτῶν</em></span> <span class='ocrx_word' id='word_1_142' title='bbox 1216 2399 1327 2462; x_wconf 76' lang='grc' dir='ltr'><em>συγγε-</em></span> 
     </span>
    </p>
   </div>
   <div class='ocr_carea' id='block_1_6' title="bbox 159 2488 1327 2702">
    <p class='ocr_par' dir='ltr' id='par_1_6' title="bbox 159 2488 1327 2702">
     <span class='ocr_line' id='line_1_20' title="bbox 159 2488 1327 2585; baseline 0.001 -25"><span class='ocrx_word' id='word_1_143' title='bbox 159 2499 223 2560; x_wconf 80' lang='grc' dir='ltr'>νῶν</span> <span class='ocrx_word' id='word_1_144' title='bbox 246 2495 368 2584; x_wconf 79' lang='grc' dir='ltr'><em>ἐφορᾶν</em></span> <span class='ocrx_word' id='word_1_145' title='bbox 391 2488 467 2574; x_wconf 74' lang='grc' dir='ltr'><em>ἷίξια</em></span> <span class='ocrx_word' id='word_1_146' title='bbox 491 2491 640 2561; x_wconf 71' lang='grc' dir='ltr'><em>θανᾶτου</em></span> <span class='ocrx_word' id='word_1_147' title='bbox 662 2492 878 2585; x_wconf 81' lang='grc' dir='ltr'><em>πράττοντας.</em></span> <span class='ocrx_word' id='word_1_148' title='bbox 927 2499 1024 2578; x_wconf 80' lang='lat' dir='ltr'>Quod</span> <span class='ocrx_word' id='word_1_149' title='bbox 1052 2499 1182 2564; x_wconf 89' lang='lat' dir='ltr'>dictum</span> <span class='ocrx_word' id='word_1_150' title='bbox 1211 2519 1327 2584; x_wconf 90' lang='lat' dir='ltr'>quam·</span> 
     </span>
     <span class='ocr_line' id='line_1_21' title="bbox 159 2613 1327 2702; baseline -0.001 -22"><span class='ocrx_word' id='word_1_151' title='bbox 159 2637 260 2702; x_wconf 89' lang='lat' dir='ltr'>quam</span> <span class='ocrx_word' id='word_1_152' title='bbox 283 2616 385 2681; x_wconf 88' lang='lat' dir='ltr'>nimis</span> <span class='ocrx_word' id='word_1_153' title='bbox 410 2615 626 2682; x_wconf 90' lang='lat' dir='ltr'>decantatum</span> <span class='ocrx_word' id='word_1_154' title='bbox 651 2623 715 2702; x_wconf 92' lang='lat' dir='ltr'>est,</span> <span class='ocrx_word' id='word_1_155' title='bbox 740 2622 855 2684; x_wconf 90' lang='lat' dir='ltr'>tamen</span> <span class='ocrx_word' id='word_1_156' title='bbox 878 2615 1135 2697; x_wconf 73' lang='lat' dir='ltr'>cumisocratis</span> <span class='ocrx_word' id='word_1_157' title='bbox 1159 2613 1327 2701; x_wconf 90' lang='lat' dir='ltr'>discipulo</span> 
     </span>
    </p>
   </div>
   <div class='ocr_carea' id='block_1_7' title="bbox 158 2857 371 2866">
    <p class='ocr_par' dir='ltr' id='par_1_7' title="bbox 158 2857 371 2866">
     <span class='ocr_line' id='line_1_22' title="bbox 158 2857 371 2866; baseline -0.009 0"><span class='ocrx_word' id='word_1_158' title='bbox 158 2857 371 2866; x_wconf 78' lang='lat'>.-——.-—---.</span> 
     </span>
    </p>
   </div>
   <div class='ocr_carea' id='block_1_8' title="bbox 153 3030 1327 4530">
    <p class='ocr_par' dir='ltr' id='par_1_8' title="bbox 153 3030 1327 4530">
     <span class='ocr_line' id='line_1_23' title="bbox 267 3030 1326 3106; baseline 0.002 -20"><span class='ocrx_word' id='word_1_159' title='bbox 267 3030 294 3102; x_wconf 89' lang='lat'>1)</span> <span class='ocrx_word' id='word_1_160' title='bbox 312 3033 348 3088; x_wconf 86' lang='lat' dir='ltr'>In</span> <span class='ocrx_word' id='word_1_161' title='bbox 368 3033 490 3103; x_wconf 88' lang='lat' dir='ltr'>oraculo,</span> <span class='ocrx_word' id='word_1_162' title='bbox 509 3034 585 3106; x_wconf 85' lang='lat' dir='ltr'>quod</span> <span class='ocrx_word' id='word_1_163' title='bbox 604 3035 681 3106; x_wconf 89' lang='lat' dir='ltr'>apud</span> <span class='ocrx_word' id='word_1_164' title='bbox 693 3035 851 3091; x_wconf 90' lang='lat' dir='ltr'>Diodorum</span> <span class='ocrx_word' id='word_1_165' title='bbox 869 3035 922 3106; x_wconf 87' lang='lat' dir='ltr'>IX,</span> <span class='ocrx_word' id='word_1_166' title='bbox 936 3035 979 3104; x_wconf 89' lang='lat'>31,</span> <span class='ocrx_word' id='word_1_167' title='bbox 992 3037 1009 3088; x_wconf 92' lang='grc'><strong>2</strong></span> <span class='ocrx_word' id='word_1_168' title='bbox 1022 3039 1173 3089; x_wconf 84' lang='lat' dir='ltr'>exaratum</span> <span class='ocrx_word' id='word_1_169' title='bbox 1186 3033 1326 3090; x_wconf 87' lang='lat' dir='ltr'>videmus.</span> 
     </span>
     <span class='ocr_line' id='line_1_24' title="bbox 153 3113 1326 3194; baseline 0.003 -22"><span class='ocrx_word' id='word_1_170' title='bbox 153 3113 222 3173; x_wconf 75' lang='grc' dir='ltr'>Ἀλλ’</span> <span class='ocrx_word' id='word_1_171' title='bbox 233 3113 299 3173; x_wconf 80' lang='grc' dir='ltr'><em>ὅταν</em></span> <span class='ocrx_word' id='word_1_172' title='bbox 311 3115 425 3193; x_wconf 73' lang='grc' dir='ltr'><em>ἡμίονος</em></span> <span class='ocrx_word' id='word_1_173' title='bbox 443 3116 570 3189; x_wconf 79' lang='grc' dir='ltr'><strong><em>βασιλεὺς</em></strong></span> <span class='ocrx_word' id='word_1_174' title='bbox 583 3117 712 3191; x_wconf 72' lang='grc' dir='ltr'><em>Μήδοισι</em></span> <span class='ocrx_word' id='word_1_175' title='bbox 724 3129 835 3194; x_wconf 77' lang='grc' dir='ltr'><em>γένηται</em></span> <span class='ocrx_word' id='word_1_176' title='bbox 848 3129 904 3176; x_wconf 82' lang='grc' dir='ltr'>Καὶ</span> <span class='ocrx_word' id='word_1_177' title='bbox 914 3119 981 3189; x_wconf 83' lang='grc' dir='ltr'><strong>τότε,</strong></span> <span class='ocrx_word' id='word_1_178' title='bbox 992 3123 1069 3177; x_wconf 64' lang='lat' dir='ltr'>Aodi</span> <span class='ocrx_word' id='word_1_179' title='bbox 1084 3123 1216 3194; x_wconf 67' lang='grc' dir='ltr'>ποδαβρέ,</span> <span class='ocrx_word' id='word_1_180' title='bbox 1231 3141 1253 3175; x_wconf 87' lang='grc' dir='ltr'>κ,</span> <span class='ocrx_word' id='word_1_181' title='bbox 1267 3143 1289 3175; x_wconf 86' lang='grc' dir='ltr'>τ.</span> <span class='ocrx_word' id='word_1_182' title='bbox 1303 3125 1326 3175; x_wconf 79' lang='lat' dir='ltr'>t.</span> 
     </span>
     <span class='ocr_line' id='line_1_25' title="bbox 158 3211 1327 3286; baseline 0.002 -22"><span class='ocrx_word' id='word_1_183' title='bbox 158 3211 197 3264; x_wconf 93' lang='lat' dir='ltr'>H.</span> <span class='ocrx_word' id='word_1_184' title='bbox 217 3229 244 3265; x_wconf 86' lang='lat' dir='ltr'>v.</span> <span class='ocrx_word' id='word_1_185' title='bbox 263 3211 441 3266; x_wconf 87' lang='lat' dir='ltr'>Herwerden</span> <span class='ocrx_word' id='word_1_186' title='bbox 453 3211 623 3284; x_wconf 88' lang='lat' dir='ltr'>Personum,</span> <span class='ocrx_word' id='word_1_187' title='bbox 636 3215 828 3286; x_wconf 90' lang='lat' dir='ltr'>Kruegerum,</span> <span class='ocrx_word' id='word_1_188' title='bbox 847 3214 1015 3269; x_wconf 84' lang='lat' dir='ltr'>Abichtium</span> <span class='ocrx_word' id='word_1_189' title='bbox 1034 3219 1149 3268; x_wconf 85' lang='lat' dir='ltr'>secutus</span> <span class='ocrx_word' id='word_1_190' title='bbox 1167 3215 1221 3276; x_wconf 84' lang='grc' dir='ltr'><strong>καὶ,</strong></span> <span class='ocrx_word' id='word_1_191' title='bbox 1241 3227 1327 3282; x_wconf 88' lang='lat' dir='ltr'>quam</span> 
     </span>
     <span class='ocr_line' id='line_1_26' title="bbox 157 3295 1327 3374; baseline 0.003 -23"><span class='ocrx_word' id='word_1_192' title='bbox 157 3298 331 3370; x_wconf 85' lang='lat' dir='ltr'>particulam</span> <span class='ocrx_word' id='word_1_193' title='bbox 355 3300 498 3356; x_wconf 85' lang='lat' dir='ltr'>Herodoti</span> <span class='ocrx_word' id='word_1_194' title='bbox 523 3320 634 3374; x_wconf 91' lang='lat' dir='ltr'>quoque</span> <span class='ocrx_word' id='word_1_195' title='bbox 656 3303 790 3358; x_wconf 86' lang='lat' dir='ltr'>meliores</span> <span class='ocrx_word' id='word_1_196' title='bbox 816 3303 927 3359; x_wconf 90' lang='lat' dir='ltr'>codices</span> <span class='ocrx_word' id='word_1_197' title='bbox 950 3303 1099 3373; x_wconf 85' lang='lat' dir='ltr'>exhibent,</span> <span class='ocrx_word' id='word_1_198' title='bbox 1118 3303 1148 3356; x_wconf 91' lang='lat' dir='ltr'>in</span> <span class='ocrx_word' id='word_1_199' title='bbox 1168 3295 1201 3368; x_wconf 76' lang='grc' dir='ltr'>δὴ</span> <span class='ocrx_word' id='word_1_200' title='bbox 1221 3301 1327 3356; x_wconf 85' lang='lat' dir='ltr'>mutari</span> 
     </span>
     <span class='ocr_line' id='line_1_27' title="bbox 158 3387 1327 3465; baseline 0 -23"><span class='ocrx_word' id='word_1_201' title='bbox 158 3387 251 3442; x_wconf 85' lang='lat' dir='ltr'>iussit.</span> <span class='ocrx_word' id='word_1_202' title='bbox 282 3390 318 3444; x_wconf 90' lang='lat' dir='ltr'>In</span> <span class='ocrx_word' id='word_1_203' title='bbox 337 3406 469 3445; x_wconf 87' lang='lat' dir='ltr'>sermone</span> <span class='ocrx_word' id='word_1_204' title='bbox 488 3390 567 3462; x_wconf 87' lang='lat' dir='ltr'>epico</span> <span class='ocrx_word' id='word_1_205' title='bbox 587 3392 702 3462; x_wconf 88' lang='lat' dir='ltr'>quidem</span> <span class='ocrx_word' id='word_1_206' title='bbox 720 3410 738 3446; x_wconf 84' lang='lat' dir='ltr'>a</span> <span class='ocrx_word' id='word_1_207' title='bbox 756 3393 873 3448; x_wconf 84' lang='lat' dir='ltr'>Graecis</span> <span class='ocrx_word' id='word_1_208' title='bbox 892 3393 1057 3465; x_wconf 79' lang='lat' dir='ltr'>saepissime</span> <span class='ocrx_word' id='word_1_209' title='bbox 1075 3392 1248 3464; x_wconf 85' lang='lat' dir='ltr'>particulam</span> <span class='ocrx_word' id='word_1_210' title='bbox 1268 3390 1327 3458; x_wconf 76' lang='grc' dir='ltr'><strong>(καὶ,</strong></span> 
     </span>
     <span class='ocr_line' id='line_1_28' title="bbox 158 3470 1326 3552; baseline 0.003 -22"><span class='ocrx_word' id='word_1_211' title='bbox 158 3470 227 3540; x_wconf 82' lang='grc' dir='ltr'><em>τότε,</em></span> <span class='ocrx_word' id='word_1_212' title='bbox 249 3481 295 3529; x_wconf 84' lang='grc' dir='ltr'>καὶ</span> <span class='ocrx_word' id='word_1_213' title='bbox 314 3472 373 3532; x_wconf 83' lang='grc' dir='ltr'><em>τότε</em></span> <span class='ocrx_word' id='word_1_214' title='bbox 398 3470 445 3548; x_wconf 69' lang='grc' dir='ltr'>δὴ)</span> <span class='ocrx_word' id='word_1_215' title='bbox 469 3479 500 3532; x_wconf 88' lang='lat' dir='ltr'>in</span> <span class='ocrx_word' id='word_1_216' title='bbox 519 3480 638 3551; x_wconf 88' lang='lat' dir='ltr'>apodosi</span> <span class='ocrx_word' id='word_1_217' title='bbox 653 3481 778 3552; x_wconf 90' lang='lat' dir='ltr'>positam</span> <span class='ocrx_word' id='word_1_218' title='bbox 791 3499 860 3552; x_wconf 87' lang='lat' dir='ltr'>esse,</span> <span class='ocrx_word' id='word_1_219' title='bbox 880 3481 1051 3537; x_wconf 86' lang='lat' dir='ltr'>esexcentis</span> <span class='ocrx_word' id='word_1_220' title='bbox 1064 3480 1184 3536; x_wconf 88' lang='lat' dir='ltr'>Homeri</span> <span class='ocrx_word' id='word_1_221' title='bbox 1197 3480 1326 3535; x_wconf 90' lang='lat' dir='ltr'>versibus</span> 
     </span>
     <span class='ocr_line' id='line_1_29' title="bbox 159 3568 1326 3640; baseline 0.003 -19"><span class='ocrx_word' id='word_1_222' title='bbox 159 3572 286 3638; x_wconf 87' lang='lat' dir='ltr'>apparet.</span> <span class='ocrx_word' id='word_1_223' title='bbox 307 3568 342 3624; x_wconf 88' lang='lat' dir='ltr'>cf.</span> <span class='ocrx_word' id='word_1_224' title='bbox 361 3569 394 3623; x_wconf 88' lang='grc' dir='ltr'>Π.</span> <span class='ocrx_word' id='word_1_225' title='bbox 415 3574 442 3620; x_wconf 90' lang='grc' dir='ltr'><em>Α</em></span> <span class='ocrx_word' id='word_1_226' title='bbox 460 3569 521 3638; x_wconf 91' lang='grc'><strong>487,</strong></span> <span class='ocrx_word' id='word_1_227' title='bbox 540 3575 567 3620; x_wconf 87' lang='grc' dir='ltr'><em>Ζ</em></span> <span class='ocrx_word' id='word_1_228' title='bbox 584 3571 647 3639; x_wconf 87' lang='grc'><strong>176;</strong></span> <span class='ocrx_word' id='word_1_229' title='bbox 668 3569 719 3624; x_wconf 89' lang='lat' dir='ltr'>Od.</span> <span class='ocrx_word' id='word_1_230' title='bbox 738 3577 762 3637; x_wconf 78' lang='grc' dir='ltr'>β·</span> <span class='ocrx_word' id='word_1_231' title='bbox 774 3571 834 3640; x_wconf 89' lang='grc'><strong>389,</strong></span> <span class='ocrx_word' id='word_1_232' title='bbox 855 3571 940 3640; x_wconf 85' lang='grc' dir='ltr'><strong>ε391,</strong></span> <span class='ocrx_word' id='word_1_233' title='bbox 959 3572 1020 3639; x_wconf 88' lang='grc'><strong>297,</strong></span> <span class='ocrx_word' id='word_1_234' title='bbox 1039 3572 1126 3640; x_wconf 77' lang='grc' dir='ltr'><strong>ξ112,</strong></span> <span class='ocrx_word' id='word_1_235' title='bbox 1145 3590 1161 3621; x_wconf 95' lang='grc' dir='ltr'><em>ν</em></span> <span class='ocrx_word' id='word_1_236' title='bbox 1173 3571 1217 3639; x_wconf 92' lang='grc'><strong>79,</strong></span> <span class='ocrx_word' id='word_1_237' title='bbox 1236 3569 1326 3624; x_wconf 87' lang='grc' dir='ltr'><strong>σ134.</strong></span> 
     </span>
     <span class='ocr_line' id='line_1_30' title="bbox 158 3655 1326 3732; baseline 0.003 -23"><span class='ocrx_word' id='word_1_238' title='bbox 158 3655 223 3710; x_wconf 90' lang='grc' dir='ltr'>Ηοο</span> <span class='ocrx_word' id='word_1_239' title='bbox 242 3662 339 3711; x_wconf 84' lang='lat' dir='ltr'>autem</span> <span class='ocrx_word' id='word_1_240' title='bbox 358 3663 387 3712; x_wconf 85' lang='lat' dir='ltr'>et</span> <span class='ocrx_word' id='word_1_241' title='bbox 405 3675 505 3712; x_wconf 86' lang='lat' dir='ltr'>versus</span> <span class='ocrx_word' id='word_1_242' title='bbox 525 3664 553 3712; x_wconf 87' lang='lat' dir='ltr'>et</span> <span class='ocrx_word' id='word_1_243' title='bbox 571 3658 705 3730; x_wconf 86' lang='lat' dir='ltr'>apodesis</span> <span class='ocrx_word' id='word_1_244' title='bbox 724 3660 882 3729; x_wconf 84' lang='lat' dir='ltr'>exordium,</span> <span class='ocrx_word' id='word_1_245' title='bbox 902 3679 965 3716; x_wconf 88' lang='lat' dir='ltr'>cum</span> <span class='ocrx_word' id='word_1_246' title='bbox 985 3660 1062 3732; x_wconf 85' lang='lat' dir='ltr'>apud</span> <span class='ocrx_word' id='word_1_247' title='bbox 1080 3659 1157 3714; x_wconf 90' lang='lat' dir='ltr'>hunc</span> <span class='ocrx_word' id='word_1_248' title='bbox 1174 3659 1205 3712; x_wconf 88' lang='lat' dir='ltr'>in</span> <span class='ocrx_word' id='word_1_249' title='bbox 1218 3659 1326 3713; x_wconf 87' lang='lat' dir='ltr'>formu-</span> 
     </span>
     <span class='ocr_line' id='line_1_31' title="bbox 158 3745 1327 3821; baseline 0.003 -23"><span class='ocrx_word' id='word_1_250' title='bbox 158 3746 219 3798; x_wconf 90' lang='lat' dir='ltr'>lam</span> <span class='ocrx_word' id='word_1_251' title='bbox 241 3745 371 3815; x_wconf 89' lang='lat' dir='ltr'>abiisset,</span> <span class='ocrx_word' id='word_1_252' title='bbox 395 3763 430 3800; x_wconf 89' lang='lat' dir='ltr'>ex</span> <span class='ocrx_word' id='word_1_253' title='bbox 453 3746 557 3802; x_wconf 88' lang='lat' dir='ltr'>hocin</span> <span class='ocrx_word' id='word_1_254' title='bbox 576 3749 691 3802; x_wconf 88' lang='lat' dir='ltr'>oracula</span> <span class='ocrx_word' id='word_1_255' title='bbox 709 3748 832 3821; x_wconf 88' lang='lat' dir='ltr'>irrepsit.</span> <span class='ocrx_word' id='word_1_256' title='bbox 869 3749 924 3804; x_wconf 89' lang='lat' dir='ltr'>Illa</span> <span class='ocrx_word' id='word_1_257' title='bbox 942 3750 1019 3804; x_wconf 88' lang='lat' dir='ltr'>enim</span> <span class='ocrx_word' id='word_1_258' title='bbox 1038 3755 1067 3804; x_wconf 88' lang='lat' dir='ltr'>et</span> <span class='ocrx_word' id='word_1_259' title='bbox 1086 3749 1232 3821; x_wconf 89' lang='lat' dir='ltr'>epicorum</span> <span class='ocrx_word' id='word_1_260' title='bbox 1251 3750 1327 3803; x_wconf 93' lang='lat' dir='ltr'>locu·</span> 
     </span>
     <span class='ocr_line' id='line_1_32' title="bbox 158 3833 1327 3908; baseline 0.004 -21"><span class='ocrx_word' id='word_1_261' title='bbox 158 3833 268 3889; x_wconf 83' lang='lat' dir='ltr'>tionem</span> <span class='ocrx_word' id='word_1_262' title='bbox 286 3834 426 3906; x_wconf 84' lang='lat' dir='ltr'>recepisse</span> <span class='ocrx_word' id='word_1_263' title='bbox 445 3841 473 3890; x_wconf 90' lang='lat' dir='ltr'>et</span> <span class='ocrx_word' id='word_1_264' title='bbox 486 3842 579 3890; x_wconf 87' lang='lat' dir='ltr'>certas</span> <span class='ocrx_word' id='word_1_265' title='bbox 591 3836 726 3893; x_wconf 87' lang='lat' dir='ltr'>habuisse</span> <span class='ocrx_word' id='word_1_266' title='bbox 738 3837 877 3892; x_wconf 83' lang='lat' dir='ltr'>formulas</span> <span class='ocrx_word' id='word_1_267' title='bbox 890 3839 960 3893; x_wconf 89' lang='lat' dir='ltr'>satis</span> <span class='ocrx_word' id='word_1_268' title='bbox 974 3843 1095 3893; x_wconf 87' lang='lat' dir='ltr'>constat.</span> <span class='ocrx_word' id='word_1_269' title='bbox 1111 3837 1158 3908; x_wconf 86' lang='lat' dir='ltr'>(cf.</span> <span class='ocrx_word' id='word_1_270' title='bbox 1168 3837 1203 3892; x_wconf 85' lang='lat' dir='ltr'>A.</span> <span class='ocrx_word' id='word_1_271' title='bbox 1211 3837 1327 3892; x_wconf 88' lang='lat' dir='ltr'>Lobeck</span> 
     </span>
     <span class='ocr_line' id='line_1_33' title="bbox 158 3920 1325 3999; baseline 0 -22"><span class='ocrx_word' id='word_1_272' title='bbox 158 3923 378 3995; x_wconf 86' lang='lat' dir='ltr'>Aglaophamus</span> <span class='ocrx_word' id='word_1_273' title='bbox 401 3943 428 3995; x_wconf 91' lang='lat' dir='ltr'>p.</span> <span class='ocrx_word' id='word_1_274' title='bbox 451 3925 523 3996; x_wconf 89' lang='grc'><strong>842.)</strong></span> <span class='ocrx_word' id='word_1_275' title='bbox 565 3926 609 3980; x_wconf 86' lang='grc' dir='ltr'>Αο</span> <span class='ocrx_word' id='word_1_276' title='bbox 631 3926 686 3980; x_wconf 87' lang='lat' dir='ltr'>hoc</span> <span class='ocrx_word' id='word_1_277' title='bbox 704 3933 852 3982; x_wconf 83' lang='lat' dir='ltr'>vetustum</span> <span class='ocrx_word' id='word_1_278' title='bbox 870 3927 982 3982; x_wconf 88' lang='lat' dir='ltr'>dicendi</span> <span class='ocrx_word' id='word_1_279' title='bbox 1000 3945 1091 3999; x_wconf 84' lang='lat' dir='ltr'>genus</span> <span class='ocrx_word' id='word_1_280' title='bbox 1111 3920 1325 3997; x_wconf 78' lang='grc' dir='ltr'><em>(παροτάσσειν)</em></span> 
     </span>
     <span class='ocr_line' id='line_1_34' title="bbox 159 4013 1326 4087; baseline 0.003 -21"><span class='ocrx_word' id='word_1_281' title='bbox 159 4013 237 4083; x_wconf 88' lang='lat' dir='ltr'>apud</span> <span class='ocrx_word' id='word_1_282' title='bbox 259 4019 359 4084; x_wconf 87' lang='lat' dir='ltr'>poetas</span> <span class='ocrx_word' id='word_1_283' title='bbox 381 4013 428 4081; x_wconf 86' lang='lat' dir='ltr'>vel</span> <span class='ocrx_word' id='word_1_284' title='bbox 450 4014 615 4085; x_wconf 86' lang='lat' dir='ltr'>posterioris</span> <span class='ocrx_word' id='word_1_285' title='bbox 640 4015 744 4070; x_wconf 86' lang='lat' dir='ltr'>aetatis</span> <span class='ocrx_word' id='word_1_286' title='bbox 763 4017 886 4071; x_wconf 87' lang='lat' dir='ltr'>occurrit</span> <span class='ocrx_word' id='word_1_287' title='bbox 904 4016 987 4070; x_wconf 88' lang='lat' dir='ltr'>nobis</span> <span class='ocrx_word' id='word_1_288' title='bbox 1015 4016 1161 4087; x_wconf 80' lang='lat' dir='ltr'>(Theocrit</span> <span class='ocrx_word' id='word_1_289' title='bbox 1179 4016 1264 4087; x_wconf 89' lang='lat' dir='ltr'>Idyll.</span> <span class='ocrx_word' id='word_1_290' title='bbox 1283 4017 1326 4083; x_wconf 85' lang='grc'><strong>24,</strong></span> 
     </span>
     <span class='ocr_line' id='line_1_35' title="bbox 158 4101 1327 4177; baseline 0.003 -21"><span class='ocrx_word' id='word_1_291' title='bbox 158 4102 203 4170; x_wconf 88' lang='grc'><strong>20,</strong></span> <span class='ocrx_word' id='word_1_292' title='bbox 222 4102 269 4171; x_wconf 89' lang='grc'>21;</span> <span class='ocrx_word' id='word_1_293' title='bbox 290 4101 332 4170; x_wconf 89' lang='grc'><strong>14,</strong></span> <span class='ocrx_word' id='word_1_294' title='bbox 350 4103 397 4171; x_wconf 77' lang='grc'><strong>26,</strong></span> <span class='ocrx_word' id='word_1_295' title='bbox 418 4102 441 4171; x_wconf 94' lang='grc'><strong>7,</strong></span> <span class='ocrx_word' id='word_1_296' title='bbox 462 4103 507 4169; x_wconf 85' lang='grc'>10)</span> <span class='ocrx_word' id='word_1_297' title='bbox 530 4103 580 4158; x_wconf 88' lang='lat' dir='ltr'>ubi</span> <span class='ocrx_word' id='word_1_298' title='bbox 602 4103 734 4158; x_wconf 85' lang='lat' dir='ltr'>Fritsche</span> <span class='ocrx_word' id='word_1_299' title='bbox 757 4103 792 4174; x_wconf 88' lang='lat'>(3.</span> <span class='ocrx_word' id='word_1_300' title='bbox 811 4104 887 4159; x_wconf 83' lang='lat' dir='ltr'>Aufl.</span> <span class='ocrx_word' id='word_1_301' title='bbox 911 4105 1030 4177; x_wconf 86' lang='lat' dir='ltr'>Leipzig</span> <span class='ocrx_word' id='word_1_302' title='bbox 1049 4105 1129 4176; x_wconf 84' lang='lat'>1881)</span> <span class='ocrx_word' id='word_1_303' title='bbox 1152 4105 1273 4160; x_wconf 88' lang='lat' dir='ltr'>nonulla</span> <span class='ocrx_word' id='word_1_304' title='bbox 1296 4105 1327 4159; x_wconf 90' lang='lat' dir='ltr'>in</span> 
     </span>
     <span class='ocr_line' id='line_1_36' title="bbox 159 4181 1326 4266; baseline 0.003 -22"><span class='ocrx_word' id='word_1_305' title='bbox 159 4191 238 4244; x_wconf 88' lang='lat' dir='ltr'>huno</span> <span class='ocrx_word' id='word_1_306' title='bbox 266 4208 350 4244; x_wconf 89' lang='lat' dir='ltr'>usum</span> <span class='ocrx_word' id='word_1_307' title='bbox 378 4181 522 4262; x_wconf 53' lang='lat' dir='ltr'>collegit(</span> <span class='ocrx_word' id='word_1_308' title='bbox 550 4190 657 4248; x_wconf 82' lang='lat' dir='ltr'>Confer</span> <span class='ocrx_word' id='word_1_309' title='bbox 684 4194 800 4248; x_wconf 82' lang='lat' dir='ltr'>oracula</span> <span class='ocrx_word' id='word_1_310' title='bbox 817 4195 902 4266; x_wconf 61' lang='lat' dir='ltr'>,apud</span> <span class='ocrx_word' id='word_1_311' title='bbox 926 4195 1101 4250; x_wconf 84' lang='lat' dir='ltr'>Pausaniam</span> <span class='ocrx_word' id='word_1_312' title='bbox 1119 4195 1172 4265; x_wconf 86' lang='lat' dir='ltr'>IX,</span> <span class='ocrx_word' id='word_1_313' title='bbox 1191 4196 1234 4264; x_wconf 91' lang='grc'><strong>37,</strong></span> <span class='ocrx_word' id='word_1_314' title='bbox 1253 4195 1326 4264; x_wconf 72' lang='lat'>5133</span> 
     </span>
     <span class='ocr_line' id='line_1_37' title="bbox 158 4279 1326 4351; baseline 0.006 -19"><span class='ocrx_word' id='word_1_315' title='bbox 158 4279 197 4348; x_wconf 89' lang='lat' dir='ltr'>X,</span> <span class='ocrx_word' id='word_1_316' title='bbox 217 4281 242 4345; x_wconf 89' lang='lat'>9,</span> <span class='ocrx_word' id='word_1_317' title='bbox 263 4281 296 4333; x_wconf 92' lang='lat' dir='ltr'>ll</span> <span class='ocrx_word' id='word_1_318' title='bbox 314 4281 352 4348; x_wconf 88' lang='lat' dir='ltr'>B;</span> <span class='ocrx_word' id='word_1_319' title='bbox 371 4280 407 4348; x_wconf 91' lang='lat' dir='ltr'>X,</span> <span class='ocrx_word' id='word_1_320' title='bbox 427 4281 470 4350; x_wconf 85' lang='grc'><strong>24,</strong></span> <span class='ocrx_word' id='word_1_321' title='bbox 490 4281 506 4334; x_wconf 88' lang='lat'><strong>3</strong></span> <span class='ocrx_word' id='word_1_322' title='bbox 513 4298 519 4351; x_wconf 80' lang='lat'><em>3</em></span> <span class='ocrx_word' id='word_1_323' title='bbox 538 4281 607 4336; x_wconf 91' lang='lat' dir='ltr'>Her.</span> <span class='ocrx_word' id='word_1_324' title='bbox 627 4283 677 4351; x_wconf 86' lang='lat' dir='ltr'>VI,</span> <span class='ocrx_word' id='word_1_325' title='bbox 698 4283 739 4348; x_wconf 87' lang='grc'>19,</span> <span class='ocrx_word' id='word_1_326' title='bbox 760 4284 784 4338; x_wconf 92' lang='grc'>7.</span> <span class='ocrx_word' id='word_1_327' title='bbox 816 4283 964 4338; x_wconf 81' lang='lat' dir='ltr'>Particula</span> <span class='ocrx_word' id='word_1_328' title='bbox 982 4287 1029 4336; x_wconf 80' lang='grc' dir='ltr'>καὶ</span> <span class='ocrx_word' id='word_1_329' title='bbox 1047 4284 1143 4339; x_wconf 89' lang='lat' dir='ltr'>nescio</span> <span class='ocrx_word' id='word_1_330' title='bbox 1162 4303 1200 4338; x_wconf 87' lang='lat' dir='ltr'>an</span> <span class='ocrx_word' id='word_1_331' title='bbox 1218 4301 1255 4338; x_wconf 87' lang='lat' dir='ltr'>ex</span> <span class='ocrx_word' id='word_1_332' title='bbox 1273 4285 1326 4339; x_wconf 88' lang='lat' dir='ltr'>hoc</span> 
     </span>
     <span class='ocr_line' id='line_1_38' title="bbox 158 4367 1327 4444; baseline 0.005 -23"><span class='ocrx_word' id='word_1_333' title='bbox 158 4385 215 4421; x_wconf 88' lang='lat' dir='ltr'>usu</span> <span class='ocrx_word' id='word_1_334' title='bbox 241 4386 306 4422; x_wconf 92' lang='lat' dir='ltr'>cum</span> <span class='ocrx_word' id='word_1_335' title='bbox 332 4367 390 4420; x_wconf 78' lang='grc' dir='ltr'>εἶτα</span> <span class='ocrx_word' id='word_1_336' title='bbox 414 4369 567 4424; x_wconf 86' lang='lat' dir='ltr'>coniuncta</span> <span class='ocrx_word' id='word_1_337' title='bbox 589 4375 655 4441; x_wconf 88' lang='lat' dir='ltr'>post</span> <span class='ocrx_word' id='word_1_338' title='bbox 679 4370 831 4442; x_wconf 81' lang='lat' dir='ltr'>participia</span> <span class='ocrx_word' id='word_1_339' title='bbox 848 4372 943 4443; x_wconf 85' lang='lat' dir='ltr'>posita</span> <span class='ocrx_word' id='word_1_340' title='bbox 961 4372 1007 4428; x_wconf 88' lang='lat' dir='ltr'>sit.</span> <span class='ocrx_word' id='word_1_341' title='bbox 1046 4373 1104 4428; x_wconf 83' lang='lat' dir='ltr'>Cfr.</span> <span class='ocrx_word' id='word_1_342' title='bbox 1124 4373 1160 4428; x_wconf 90' lang='lat' dir='ltr'>ad</span> <span class='ocrx_word' id='word_1_343' title='bbox 1178 4373 1327 4444; x_wconf 87' lang='lat' dir='ltr'>Aristoph.</span> 
     </span>
     <span class='ocr_line' id='line_1_39' title="bbox 158 4457 892 4530; baseline 0.004 -19"><span class='ocrx_word' id='word_1_344' title='bbox 158 4457 230 4511; x_wconf 89' lang='lat' dir='ltr'>nub.</span> <span class='ocrx_word' id='word_1_345' title='bbox 250 4475 276 4512; x_wconf 93' lang='lat' dir='ltr'>v.</span> <span class='ocrx_word' id='word_1_346' title='bbox 296 4458 350 4511; x_wconf 88' lang='grc'>409</span> <span class='ocrx_word' id='word_1_347' title='bbox 370 4462 398 4511; x_wconf 85' lang='lat' dir='ltr'>et</span> <span class='ocrx_word' id='word_1_348' title='bbox 417 4476 478 4530; x_wconf 88' lang='lat' dir='ltr'>equ.</span> <span class='ocrx_word' id='word_1_349' title='bbox 498 4460 550 4513; x_wconf 88' lang='grc'>392</span> <span class='ocrx_word' id='word_1_350' title='bbox 569 4477 593 4513; x_wconf 91' lang='lat' dir='ltr'>c.</span> <span class='ocrx_word' id='word_1_351' title='bbox 612 4459 664 4514; x_wconf 82' lang='lat' dir='ltr'>Th.</span> <span class='ocrx_word' id='word_1_352' title='bbox 683 4460 775 4514; x_wconf 82' lang='lat' dir='ltr'>Koch.</span> <span class='ocrx_word' id='word_1_353' title='bbox 795 4466 892 4514; x_wconf 89' lang='lat' dir='ltr'>annot.</span> 
     </span>
    </p>
   </div>
   <div class='ocr_carea' id='block_1_9' title="bbox 0 0 1548 5134">
    <p class='ocr_par' dir='ltr' id='par_1_9' title="bbox 0 0 1548 5134">
     <span class='ocr_line' id='line_1_40' title="bbox 0 0 1548 5134; baseline 0 0"><span class='ocrx_word' id='word_1_354' title='bbox 0 0 1548 5134; x_wconf 95' lang='lat' dir='ltr'> </span> 
     </span>
    </p>
   </div>
  </div>
 </body>
</html>
