<?xml version="1.0" encoding="UTF-8"?>
<!DOCTYPE html PUBLIC "-//W3C//DTD XHTML 1.0 Transitional//EN"
    "http://www.w3.org/TR/xhtml1/DTD/xhtml1-transitional.dtd">
<html xmlns="http://www.w3.org/1999/xhtml" xml:lang="en" lang="en">
 <head>
  <title>
</title>
<meta http-equiv="Content-Type" content="text/html;charset=utf-8" />
  <meta name='ocr-system' content='tesseract 3.04.00' />
  <meta name='ocr-capabilities' content='ocr_page ocr_carea ocr_par ocr_line ocrx_word'/>
</head>
<body>
  <div class='ocr_page' id='page_1' title='image "adsolonisaetate01stetgoog_0019.png"; bbox 0 0 3086 5134; ppageno 0'>
   <div class='ocr_carea' id='block_1_1' title="bbox 750 305 799 370">
    <p class='ocr_par' dir='ltr' id='par_1_1' title="bbox 750 305 799 370">
     <span class='ocr_line' id='line_1_1' title="bbox 750 305 799 370; baseline 0 0"><span class='ocrx_word' id='word_1_1' title='bbox 750 305 799 370; x_wconf 84' lang='lat'><strong>12-</strong></span> 
     </span>
    </p>
   </div>
   <div class='ocr_carea' id='block_1_2' title="bbox 667 395 879 404">
    <p class='ocr_par' dir='ltr' id='par_1_2' title="bbox 667 395 879 404">
     <span class='ocr_line' id='line_1_2' title="bbox 667 395 879 404; baseline 0.009 -2"><span class='ocrx_word' id='word_1_2' title='bbox 667 395 879 404; x_wconf 78' lang='lat'><strong>--.--.......-</strong></span> 
     </span>
    </p>
   </div>
   <div class='ocr_carea' id='block_1_3' title="bbox 185 517 1357 2344">
    <p class='ocr_par' dir='ltr' id='par_1_3' title="bbox 185 517 1356 1766">
     <span class='ocr_line' id='line_1_3' title="bbox 188 517 1355 612; baseline 0.005 -30"><span class='ocrx_word' id='word_1_3' title='bbox 188 521 267 602; x_wconf 89' lang='lat' dir='ltr'><strong>test,</strong></span> <span class='ocrx_word' id='word_1_4' title='bbox 283 517 463 602; x_wconf 88' lang='lat' dir='ltr'><strong>Mysonem</strong></span> <span class='ocrx_word' id='word_1_5' title='bbox 486 517 527 583; x_wconf 91' lang='lat' dir='ltr'><strong>ab</strong></span> <span class='ocrx_word' id='word_1_6' title='bbox 550 518 608 584; x_wconf 90' lang='lat' dir='ltr'><strong>illo</strong></span> <span class='ocrx_word' id='word_1_7' title='bbox 633 527 931 612; x_wconf 89' lang='lat' dir='ltr'><strong>commemoratum</strong></span> <span class='ocrx_word' id='word_1_8' title='bbox 947 541 1030 586; x_wconf 90' lang='lat' dir='ltr'><strong>esse.</strong></span> <span class='ocrx_word' id='word_1_9' title='bbox 1069 522 1158 586; x_wconf 88' lang='lat' dir='ltr'><strong>Nam</strong></span> <span class='ocrx_word' id='word_1_10' title='bbox 1180 521 1236 587; x_wconf 90' lang='lat' dir='ltr'><strong>hio</strong></span> <span class='ocrx_word' id='word_1_11' title='bbox 1260 545 1355 609; x_wconf 90' lang='lat' dir='ltr'><strong>prae-</strong></span> 
     </span>
     <span class='ocr_line' id='line_1_4' title="bbox 189 631 1355 704; baseline 0.006 -8"><span class='ocrx_word' id='word_1_12' title='bbox 189 631 321 698; x_wconf 88' lang='lat' dir='ltr'><strong>dicatur</strong></span> <span class='ocrx_word' id='word_1_13' title='bbox 356 634 490 700; x_wconf 90' lang='lat' dir='ltr'><strong>oraculo</strong></span> <span class='ocrx_word' id='word_1_14' title='bbox 525 635 636 699; x_wconf 80' lang='lat' dir='ltr'><strong>allato,</strong></span> <span class='ocrx_word' id='word_1_15' title='bbox 682 634 739 700; x_wconf 87' lang='lat' dir='ltr'><strong>Ad</strong></span> <span class='ocrx_word' id='word_1_16' title='bbox 772 635 864 701; x_wconf 91' lang='lat' dir='ltr'><strong>hunc</strong></span> <span class='ocrx_word' id='word_1_17' title='bbox 897 659 978 701; x_wconf 77' lang='lat' dir='ltr'><strong>vero</strong></span> <span class='ocrx_word' id='word_1_18' title='bbox 1002 636 1240 702; x_wconf 90' lang='lat' dir='ltr'><strong>celebrandum</strong></span> <span class='ocrx_word' id='word_1_19' title='bbox 1263 638 1355 704; x_wconf 87' lang='lat' dir='ltr'><strong>Ana-</strong></span> 
     </span>
     <span class='ocr_line' id='line_1_5' title="bbox 186 747 1355 837; baseline 0.004 -25"><span class='ocrx_word' id='word_1_20' title='bbox 186 747 350 814; x_wconf 88' lang='lat' dir='ltr'><strong>charsidis</strong></span> <span class='ocrx_word' id='word_1_21' title='bbox 373 749 575 834; x_wconf 89' lang='lat' dir='ltr'><strong>Dierdorus,</strong></span> <span class='ocrx_word' id='word_1_22' title='bbox 609 757 648 816; x_wconf 91' lang='lat' dir='ltr'><strong>ut</strong></span> <span class='ocrx_word' id='word_1_23' title='bbox 671 751 842 836; x_wconf 79' lang='lat' dir='ltr'>Diogenes</span> <span class='ocrx_word' id='word_1_24' title='bbox 877 752 914 818; x_wconf 89' lang='lat' dir='ltr'><strong>in</strong></span> <span class='ocrx_word' id='word_1_25' title='bbox 948 753 1021 817; x_wconf 84' lang='lat' dir='ltr'><strong>vita</strong></span> <span class='ocrx_word' id='word_1_26' title='bbox 1056 752 1210 836; x_wconf 84' lang='lat' dir='ltr'><strong>Thaetis,</strong></span> <span class='ocrx_word' id='word_1_27' title='bbox 1246 751 1287 837; x_wconf 90' lang='grc' dir='ltr'><strong>(Ι,</strong></span> <span class='ocrx_word' id='word_1_28' title='bbox 1310 753 1355 818; x_wconf 87' lang='lat'><strong>30</strong></span> 
     </span>
     <span class='ocr_line' id='line_1_6' title="bbox 188 863 1355 953; baseline 0.005 -25"><span class='ocrx_word' id='word_1_29' title='bbox 188 863 231 930; x_wconf 87' lang='lat' dir='ltr'><strong>cf.</strong></span> <span class='ocrx_word' id='word_1_30' title='bbox 259 865 287 948; x_wconf 89' lang='lat' dir='ltr'><strong>I,</strong></span> <span class='ocrx_word' id='word_1_31' title='bbox 318 863 405 950; x_wconf 89' lang='grc'>107),</span> <span class='ocrx_word' id='word_1_32' title='bbox 441 867 649 931; x_wconf 88' lang='lat' dir='ltr'><strong>mentionem</strong></span> <span class='ocrx_word' id='word_1_33' title='bbox 683 865 775 933; x_wconf 79' lang='lat' dir='ltr'><strong>iecit.</strong></span> <span class='ocrx_word' id='word_1_34' title='bbox 832 868 875 933; x_wconf 86' lang='lat' dir='ltr'><strong>ln</strong></span> <span class='ocrx_word' id='word_1_35' title='bbox 909 867 971 932; x_wconf 93' lang='lat' dir='ltr'><strong>hcc</strong></span> <span class='ocrx_word' id='word_1_36' title='bbox 1006 867 1153 953; x_wconf 89' lang='lat' dir='ltr'><strong>denique</strong></span> <span class='ocrx_word' id='word_1_37' title='bbox 1186 869 1355 934; x_wconf 90' lang='lat' dir='ltr'><strong>laudando</strong></span> 
     </span>
     <span class='ocr_line' id='line_1_7' title="bbox 186 979 1356 1069; baseline 0.005 -25"><span class='ocrx_word' id='word_1_38' title='bbox 186 981 300 1044; x_wconf 88' lang='lat' dir='ltr'><strong>omnia</strong></span> <span class='ocrx_word' id='word_1_39' title='bbox 333 979 416 1047; x_wconf 91' lang='lat' dir='ltr'><strong>haec</strong></span> <span class='ocrx_word' id='word_1_40' title='bbox 451 980 642 1066; x_wconf 85' lang='lat' dir='ltr'><strong>fragmenta</strong></span> <span class='ocrx_word' id='word_1_41' title='bbox 675 989 864 1049; x_wconf 85' lang='lat' dir='ltr'><strong>versantur.</strong></span> <span class='ocrx_word' id='word_1_42' title='bbox 911 985 966 1048; x_wconf 82' lang='lat' dir='ltr'><strong>Ex</strong></span> <span class='ocrx_word' id='word_1_43' title='bbox 1000 983 1054 1048; x_wconf 92' lang='lat' dir='ltr'><strong>his</strong></span> <span class='ocrx_word' id='word_1_44' title='bbox 1078 984 1185 1069; x_wconf 90' lang='lat' dir='ltr'><strong>igitur</strong></span> <span class='ocrx_word' id='word_1_45' title='bbox 1207 985 1300 1069; x_wconf 89' lang='lat' dir='ltr'><strong>locis,</strong></span> <span class='ocrx_word' id='word_1_46' title='bbox 1325 986 1356 1051; x_wconf 93' lang='lat' dir='ltr'><strong>si</strong></span> 
     </span>
     <span class='ocr_line' id='line_1_8' title="bbox 186 1095 1354 1186; baseline 0.005 -27"><span class='ocrx_word' id='word_1_47' title='bbox 186 1095 269 1180; x_wconf 88' lang='lat' dir='ltr'><strong>quid</strong></span> <span class='ocrx_word' id='word_1_48' title='bbox 302 1103 452 1184; x_wconf 90' lang='lat' dir='ltr'><strong>apparet,</strong></span> <span class='ocrx_word' id='word_1_49' title='bbox 475 1098 706 1186; x_wconf 72' lang='lat' dir='ltr'><strong>perspicitur,</strong></span> <span class='ocrx_word' id='word_1_50' title='bbox 742 1099 779 1163; x_wconf 89' lang='lat' dir='ltr'><strong>in</strong></span> <span class='ocrx_word' id='word_1_51' title='bbox 815 1098 1016 1184; x_wconf 73' lang='lat' dir='ltr'><strong>fragmentis</strong></span> <span class='ocrx_word' id='word_1_52' title='bbox 1050 1099 1138 1165; x_wconf 90' lang='lat' dir='ltr'><strong>nihil</strong></span> <span class='ocrx_word' id='word_1_53' title='bbox 1173 1107 1288 1170; x_wconf 85' lang='lat' dir='ltr'><strong>extare</strong></span> <span class='ocrx_word' id='word_1_54' title='bbox 1311 1100 1354 1165; x_wconf 90' lang='lat' dir='ltr'><strong>de</strong></span> 
     </span>
     <span class='ocr_line' id='line_1_9' title="bbox 185 1210 1355 1302; baseline 0.005 -26"><span class='ocrx_word' id='word_1_55' title='bbox 185 1210 429 1278; x_wconf 89' lang='lat' dir='ltr'><strong>Anacharsidis</strong></span> <span class='ocrx_word' id='word_1_56' title='bbox 445 1213 620 1299; x_wconf 70' lang='lat' dir='ltr'><strong>sapientia.</strong></span> <span class='ocrx_word' id='word_1_57' title='bbox 655 1215 755 1280; x_wconf 88' lang='lat' dir='ltr'><strong>Hanc</strong></span> <span class='ocrx_word' id='word_1_58' title='bbox 770 1220 884 1280; x_wconf 88' lang='lat' dir='ltr'><strong>autern</strong></span> <span class='ocrx_word' id='word_1_59' title='bbox 899 1215 1077 1299; x_wconf 90' lang='lat' dir='ltr'><strong>Diodorus,</strong></span> <span class='ocrx_word' id='word_1_60' title='bbox 1097 1215 1127 1280; x_wconf 90' lang='lat' dir='ltr'><strong>si</strong></span> <span class='ocrx_word' id='word_1_61' title='bbox 1151 1215 1193 1280; x_wconf 90' lang='lat' dir='ltr'><strong>de</strong></span> <span class='ocrx_word' id='word_1_62' title='bbox 1216 1215 1355 1302; x_wconf 85' lang='lat' dir='ltr'>Ephoro</span> 
     </span>
     <span class='ocr_line' id='line_1_10' title="bbox 186 1329 1355 1417; baseline 0.005 -25"><span class='ocrx_word' id='word_1_63' title='bbox 186 1333 317 1414; x_wconf 87' lang='lat' dir='ltr'><strong>septem</strong></span> <span class='ocrx_word' id='word_1_64' title='bbox 338 1329 537 1414; x_wconf 85' lang='lat' dir='ltr'><strong>Sapientum</strong></span> <span class='ocrx_word' id='word_1_65' title='bbox 560 1329 691 1396; x_wconf 86' lang='lat' dir='ltr'><strong>fabulas</strong></span> <span class='ocrx_word' id='word_1_66' title='bbox 714 1330 964 1417; x_wconf 87' lang='lat' dir='ltr'><strong>depromsisset,</strong></span> <span class='ocrx_word' id='word_1_67' title='bbox 989 1354 1058 1396; x_wconf 94' lang='lat' dir='ltr'><strong>non</strong></span> <span class='ocrx_word' id='word_1_68' title='bbox 1081 1332 1194 1417; x_wconf 90' lang='lat' dir='ltr'><strong>potuit</strong></span> <span class='ocrx_word' id='word_1_69' title='bbox 1217 1332 1355 1398; x_wconf 91' lang='lat' dir='ltr'><strong>silentio</strong></span> 
     </span>
     <span class='ocr_line' id='line_1_11' title="bbox 186 1444 1355 1533; baseline 0.003 -25"><span class='ocrx_word' id='word_1_70' title='bbox 186 1444 379 1530; x_wconf 89' lang='lat' dir='ltr'><strong>praeterire.</strong></span> <span class='ocrx_word' id='word_1_71' title='bbox 426 1445 506 1510; x_wconf 85' lang='lat' dir='ltr'><strong>Jam</strong></span> <span class='ocrx_word' id='word_1_72' title='bbox 540 1468 621 1512; x_wconf 88' lang='lat' dir='ltr'><strong>vero</strong></span> <span class='ocrx_word' id='word_1_73' title='bbox 656 1447 739 1512; x_wconf 88' lang='lat' dir='ltr'><strong>haec</strong></span> <span class='ocrx_word' id='word_1_74' title='bbox 774 1447 966 1533; x_wconf 87' lang='lat' dir='ltr'><strong>fragmenta</strong></span> <span class='ocrx_word' id='word_1_75' title='bbox 996 1449 1038 1531; x_wconf 79' lang='grc' dir='ltr'><strong>(ὃ,</strong></span> <span class='ocrx_word' id='word_1_76' title='bbox 1064 1448 1084 1512; x_wconf 78' lang='grc'>2</span> <span class='ocrx_word' id='word_1_77' title='bbox 1109 1453 1143 1512; x_wconf 83' lang='grc'><strong>01</strong></span> <span class='ocrx_word' id='word_1_78' title='bbox 1169 1447 1355 1527; x_wconf 73' lang='grc' dir='ltr'>7)]11ἀίε-</span> 
     </span>
     <span class='ocr_line' id='line_1_12' title="bbox 187 1557 1354 1648; baseline 0.004 -24"><span class='ocrx_word' id='word_1_79' title='bbox 187 1565 328 1645; x_wconf 89' lang='lat' dir='ltr'><strong>crepant</strong></span> <span class='ocrx_word' id='word_1_80' title='bbox 351 1560 392 1626; x_wconf 91' lang='lat' dir='ltr'><strong>ab</strong></span> <span class='ocrx_word' id='word_1_81' title='bbox 415 1561 562 1648; x_wconf 84' lang='lat' dir='ltr'><strong>Ephor0,</strong></span> <span class='ocrx_word' id='word_1_82' title='bbox 586 1563 635 1628; x_wconf 91' lang='lat' dir='ltr'><strong>ita</strong></span> <span class='ocrx_word' id='word_1_83' title='bbox 658 1557 771 1644; x_wconf 68' lang='lat' dir='ltr'><strong>seriel)</strong></span> <span class='ocrx_word' id='word_1_84' title='bbox 795 1562 985 1630; x_wconf 87' lang='lat' dir='ltr'><strong>fabularum</strong></span> <span class='ocrx_word' id='word_1_85' title='bbox 1008 1563 1094 1628; x_wconf 90' lang='lat' dir='ltr'><strong>bene</strong></span> <span class='ocrx_word' id='word_1_86' title='bbox 1118 1585 1194 1629; x_wconf 91' lang='lat' dir='ltr'><strong>cum</strong></span> <span class='ocrx_word' id='word_1_87' title='bbox 1216 1564 1354 1630; x_wconf 75' lang='lat' dir='ltr'><strong>Laertio</strong></span> 
     </span>
     <span class='ocr_line' id='line_1_13' title="bbox 187 1671 1041 1766; baseline 0.005 -26"><span class='ocrx_word' id='word_1_88' title='bbox 187 1671 374 1761; x_wconf 77' lang='lat' dir='ltr'><strong>D10g0n02)</strong></span> <span class='ocrx_word' id='word_1_89' title='bbox 398 1676 566 1763; x_wconf 88' lang='lat' dir='ltr'><strong>(Mysonis</strong></span> <span class='ocrx_word' id='word_1_90' title='bbox 590 1678 663 1743; x_wconf 88' lang='lat' dir='ltr'><strong>vita</strong></span> <span class='ocrx_word' id='word_1_91' title='bbox 685 1680 712 1763; x_wconf 89' lang='lat'><strong>1,</strong></span> <span class='ocrx_word' id='word_1_92' title='bbox 738 1674 816 1762; x_wconf 88' lang='lat'>106)</span> <span class='ocrx_word' id='word_1_93' title='bbox 840 1687 1041 1766; x_wconf 89' lang='lat' dir='ltr'><strong>congruunt.</strong></span> 
     </span>
    </p>

    <p class='ocr_par' dir='ltr' id='par_1_4' title="bbox 186 1790 1357 2344">
     <span class='ocr_line' id='line_1_14' title="bbox 294 1790 1354 1880; baseline 0.004 -24"><span class='ocrx_word' id='word_1_94' title='bbox 294 1790 347 1857; x_wconf 85' lang='lat' dir='ltr'><strong>Ac</strong></span> <span class='ocrx_word' id='word_1_95' title='bbox 381 1791 511 1858; x_wconf 86' lang='lat' dir='ltr'><strong>fabulas</strong></span> <span class='ocrx_word' id='word_1_96' title='bbox 535 1793 576 1858; x_wconf 93' lang='lat' dir='ltr'><strong>de</strong></span> <span class='ocrx_word' id='word_1_97' title='bbox 599 1795 744 1880; x_wconf 87' lang='lat' dir='ltr'><strong>Mysone</strong></span> <span class='ocrx_word' id='word_1_98' title='bbox 771 1801 923 1860; x_wconf 91' lang='lat' dir='ltr'><strong>narratas</strong></span> <span class='ocrx_word' id='word_1_99' title='bbox 952 1795 1151 1860; x_wconf 83' lang='lat' dir='ltr'><strong>subsecutae</strong></span> <span class='ocrx_word' id='word_1_100' title='bbox 1175 1801 1255 1860; x_wconf 91' lang='lat' dir='ltr'><strong>sunt</strong></span> <span class='ocrx_word' id='word_1_101' title='bbox 1277 1817 1354 1860; x_wconf 87' lang='lat' dir='ltr'><strong>nar-</strong></span> 
     </span>
     <span class='ocr_line' id='line_1_15' title="bbox 187 1907 1355 1997; baseline 0.003 -25"><span class='ocrx_word' id='word_1_102' title='bbox 187 1907 335 1974; x_wconf 88' lang='lat' dir='ltr'><strong>rationes</strong></span> <span class='ocrx_word' id='word_1_103' title='bbox 360 1907 401 1974; x_wconf 91' lang='lat' dir='ltr'><strong>de</strong></span> <span class='ocrx_word' id='word_1_104' title='bbox 431 1909 573 1974; x_wconf 82' lang='lat' dir='ltr'><strong>Chilone</strong></span> <span class='ocrx_word' id='word_1_105' title='bbox 601 1910 648 1993; x_wconf 78' lang='lat'><strong>(83</strong></span> <span class='ocrx_word' id='word_1_106' title='bbox 674 1911 708 1994; x_wconf 80' lang='lat'><strong>93</strong></span> <span class='ocrx_word' id='word_1_107' title='bbox 735 1908 800 1995; x_wconf 88' lang='grc'>10).</span> <span class='ocrx_word' id='word_1_108' title='bbox 846 1912 1093 1997; x_wconf 86' lang='lat' dir='ltr'><strong>Fragmentum</strong></span> <span class='ocrx_word' id='word_1_109' title='bbox 1121 1916 1234 1976; x_wconf 90' lang='lat' dir='ltr'><strong>autem</strong></span> <span class='ocrx_word' id='word_1_110' title='bbox 1261 1913 1292 1996; x_wconf 83' lang='lat'><strong>9,</strong></span> <span class='ocrx_word' id='word_1_111' title='bbox 1316 1917 1355 1976; x_wconf 92' lang='lat' dir='ltr'><strong>ut</strong></span> 
     </span>
     <span class='ocr_line' id='line_1_16' title="bbox 186 2023 1354 2114; baseline 0.003 -25"><span class='ocrx_word' id='word_1_112' title='bbox 186 2024 322 2110; x_wconf 86' lang='lat' dir='ltr'><strong>Ephoro</strong></span> <span class='ocrx_word' id='word_1_113' title='bbox 345 2024 546 2110; x_wconf 89' lang='lat' dir='ltr'><strong>vindicaret,</strong></span> <span class='ocrx_word' id='word_1_114' title='bbox 569 2026 761 2092; x_wconf 88' lang='lat' dir='ltr'><strong>Klueberus</strong></span> <span class='ocrx_word' id='word_1_115' title='bbox 785 2023 798 2111; x_wconf 90' lang='lat'>(</span> <span class='ocrx_word' id='word_1_116' title='bbox 820 2027 842 2092; x_wconf 93' lang='lat' dir='ltr'><strong>l.</strong></span> <span class='ocrx_word' id='word_1_117' title='bbox 866 2028 888 2092; x_wconf 93' lang='lat' dir='ltr'><strong>l.</strong></span> <span class='ocrx_word' id='word_1_118' title='bbox 912 2050 943 2114; x_wconf 86' lang='lat' dir='ltr'><strong>p.</strong></span> <span class='ocrx_word' id='word_1_119' title='bbox 970 2027 1002 2107; x_wconf 92' lang='grc'><strong>7)</strong></span> <span class='ocrx_word' id='word_1_120' title='bbox 1026 2028 1232 2114; x_wconf 89' lang='lat' dir='ltr'><strong>permultum</strong></span> <span class='ocrx_word' id='word_1_121' title='bbox 1255 2049 1354 2112; x_wconf 87' lang='lat' dir='ltr'><strong>argu·</strong></span> 
     </span>
     <span class='ocr_line' id='line_1_17' title="bbox 187 2139 1353 2228; baseline 0.003 -23"><span class='ocrx_word' id='word_1_122' title='bbox 187 2139 313 2205; x_wconf 92' lang='lat' dir='ltr'><strong>tiarum</strong></span> <span class='ocrx_word' id='word_1_123' title='bbox 347 2141 566 2227; x_wconf 82' lang='lat' dir='ltr'><strong>consumpsit.</strong></span> <span class='ocrx_word' id='word_1_124' title='bbox 622 2143 664 2208; x_wconf 95' lang='lat' dir='ltr'><strong>In</strong></span> <span class='ocrx_word' id='word_1_125' title='bbox 699 2141 763 2207; x_wconf 91' lang='lat' dir='ltr'><strong>hoo</strong></span> <span class='ocrx_word' id='word_1_126' title='bbox 798 2143 1002 2228; x_wconf 89' lang='lat' dir='ltr'><strong>sententiae,</strong></span> <span class='ocrx_word' id='word_1_127' title='bbox 1043 2165 1129 2228; x_wconf 91' lang='lat' dir='ltr'><strong>quae</strong></span> <span class='ocrx_word' id='word_1_128' title='bbox 1163 2143 1353 2228; x_wconf 90' lang='lat' dir='ltr'><strong>antiquitus</strong></span> 
     </span>
     <span class='ocr_line' id='line_1_18' title="bbox 188 2256 1357 2344; baseline 0.003 -23"><span class='ocrx_word' id='word_1_129' title='bbox 188 2256 363 2322; x_wconf 88' lang='lat' dir='ltr'><strong>columnae</strong></span> <span class='ocrx_word' id='word_1_130' title='bbox 386 2257 573 2344; x_wconf 86' lang='lat' dir='ltr'><strong>Delphicae</strong></span> <span class='ocrx_word' id='word_1_131' title='bbox 607 2258 792 2344; x_wconf 89' lang='lat' dir='ltr'><strong>inscriptae</strong></span> <span class='ocrx_word' id='word_1_132' title='bbox 827 2281 900 2324; x_wconf 91' lang='lat' dir='ltr'><strong>esse</strong></span> <span class='ocrx_word' id='word_1_133' title='bbox 924 2259 1357 2344; x_wconf 88' lang='lat' dir='ltr'><strong>dicebantur,·enarrantur</strong></span> 
     </span>
    </p>
   </div>
   <div class='ocr_carea' id='block_1_4' title="bbox 188 2453 401 2462">
    <p class='ocr_par' dir='ltr' id='par_1_5' title="bbox 188 2453 401 2462">
     <span class='ocr_line' id='line_1_19' title="bbox 188 2453 401 2462; baseline -0.005 0"><span class='ocrx_word' id='word_1_134' title='bbox 188 2453 401 2462; x_wconf 80' lang='lat'><strong>——-—--——</strong></span> 
     </span>
    </p>
   </div>
   <div class='ocr_carea' id='block_1_5' title="bbox 187 2570 1358 2917">
    <p class='ocr_par' dir='ltr' id='par_1_6' title="bbox 187 2570 1358 2917">
     <span class='ocr_line' id='line_1_20' title="bbox 189 2570 1358 2649; baseline 0.003 -20"><span class='ocrx_word' id='word_1_135' title='bbox 189 2575 309 2631; x_wconf 89' lang='lat' dir='ltr'><strong>ductum</strong></span> <span class='ocrx_word' id='word_1_136' title='bbox 331 2595 384 2648; x_wconf 91' lang='lat' dir='ltr'><strong>pro</strong></span> <span class='ocrx_word' id='word_1_137' title='bbox 409 2570 588 2649; x_wconf 73' lang='lat' dir='ltr'><strong>Hrpuivdcoo</strong></span> <span class='ocrx_word' id='word_1_138' title='bbox 607 2576 753 2648; x_wconf 86' lang='lat' dir='ltr'><strong>scripsisse</strong></span> <span class='ocrx_word' id='word_1_139' title='bbox 773 2571 912 2636; x_wconf 74' lang='grc' dir='ltr'><em>Μύσωνος</em></span> <span class='ocrx_word' id='word_1_140' title='bbox 935 2577 1090 2632; x_wconf 87' lang='lat' dir='ltr'><strong>contendit.</strong></span> <span class='ocrx_word' id='word_1_141' title='bbox 1127 2579 1191 2632; x_wconf 90' lang='lat' dir='ltr'><strong>Hoc</strong></span> <span class='ocrx_word' id='word_1_142' title='bbox 1214 2578 1239 2632; x_wconf 89' lang='lat' dir='ltr'><strong>si</strong></span> <span class='ocrx_word' id='word_1_143' title='bbox 1255 2597 1358 2634; x_wconf 87' lang='lat' dir='ltr'><strong>verum</strong></span> 
     </span>
     <span class='ocr_line' id='line_1_21' title="bbox 193 2660 1356 2740; baseline -0.001 -21"><span class='ocrx_word' id='word_1_144' title='bbox 193 2671 281 2736; x_wconf 89' lang='lat' dir='ltr'><strong>esset,</strong></span> <span class='ocrx_word' id='word_1_145' title='bbox 310 2684 361 2720; x_wconf 91' lang='lat' dir='ltr'><strong>cur</strong></span> <span class='ocrx_word' id='word_1_146' title='bbox 379 2666 524 2738; x_wconf 88' lang='lat' dir='ltr'><strong>Diogenes</strong></span> <span class='ocrx_word' id='word_1_147' title='bbox 542 2685 601 2722; x_wconf 93' lang='lat' dir='ltr'><strong>non</strong></span> <span class='ocrx_word' id='word_1_148' title='bbox 620 2667 792 2740; x_wconf 84' lang='lat' dir='ltr'><strong>scripsisset:</strong></span> <span class='ocrx_word' id='word_1_149' title='bbox 811 2660 929 2719; x_wconf 77' lang='grc' dir='ltr'><em>Πλάτων</em></span> <span class='ocrx_word' id='word_1_150' title='bbox 948 2665 1004 2719; x_wconf 74' lang='grc' dir='ltr'><strong>δ’ἰν</strong></span> <span class='ocrx_word' id='word_1_151' title='bbox 1028 2661 1202 2738; x_wconf 75' lang='grc' dir='ltr'><em>Πρωταγόρᾳ</em></span> <span class='ocrx_word' id='word_1_152' title='bbox 1221 2661 1356 2732; x_wconf 81' lang='grc' dir='ltr'><em>Μύσωνα,</em></span> 
     </span>
     <span class='ocr_line' id='line_1_22' title="bbox 187 2740 1358 2828; baseline 0.004 -22"><span class='ocrx_word' id='word_1_153' title='bbox 187 2743 307 2825; x_wconf 74' lang='grc' dir='ltr'><em>Ἔφορος</em></span> <span class='ocrx_word' id='word_1_154' title='bbox 342 2747 529 2827; x_wconf 75' lang='grc' dir='ltr'><em>δ’Ἀνάχαρσιν</em></span> <span class='ocrx_word' id='word_1_155' title='bbox 567 2749 626 2808; x_wconf 76' lang='grc' dir='ltr'><strong>ἀντὶ</strong></span> <span class='ocrx_word' id='word_1_156' title='bbox 654 2750 833 2827; x_wconf 76' lang='grc' dir='ltr'><em>Περιάνδρου</em></span> <span class='ocrx_word' id='word_1_157' title='bbox 865 2773 903 2811; x_wconf 85' lang='lat' dir='ltr'><strong>so.</strong></span> <span class='ocrx_word' id='word_1_158' title='bbox 941 2740 1073 2827; x_wconf 35' lang='grc' dir='ltr'><em>ἐγκρίνει(</em></span> <span class='ocrx_word' id='word_1_159' title='bbox 1121 2758 1165 2811; x_wconf 91' lang='lat' dir='ltr'><strong>Ao</strong></span> <span class='ocrx_word' id='word_1_160' title='bbox 1196 2756 1358 2828; x_wconf 87' lang='lat' dir='ltr'><strong>sapientum</strong></span> 
     </span>
     <span class='ocr_line' id='line_1_23' title="bbox 190 2843 1358 2917; baseline 0.003 -20"><span class='ocrx_word' id='word_1_161' title='bbox 190 2843 286 2914; x_wconf 85' lang='lat' dir='ltr'><strong>index,</strong></span> <span class='ocrx_word' id='word_1_162' title='bbox 306 2850 447 2914; x_wconf 89' lang='lat' dir='ltr'><strong>quantum</strong></span> <span class='ocrx_word' id='word_1_163' title='bbox 466 2851 594 2917; x_wconf 85' lang='lat' dir='ltr'><strong>apparet,</strong></span> <span class='ocrx_word' id='word_1_164' title='bbox 612 2845 733 2902; x_wconf 85' lang='lat' dir='ltr'><strong>vixdum</strong></span> <span class='ocrx_word' id='word_1_165' title='bbox 752 2845 862 2900; x_wconf 90' lang='lat' dir='ltr'><strong>duobus</strong></span> <span class='ocrx_word' id='word_1_166' title='bbox 881 2845 938 2900; x_wconf 89' lang='lat' dir='ltr'><strong>illis</strong></span> <span class='ocrx_word' id='word_1_167' title='bbox 956 2846 1051 2900; x_wconf 91' lang='lat' dir='ltr'><strong>locum</strong></span> <span class='ocrx_word' id='word_1_168' title='bbox 1071 2845 1165 2900; x_wconf 90' lang='lat' dir='ltr'><strong>habet.</strong></span> <span class='ocrx_word' id='word_1_169' title='bbox 1194 2847 1219 2900; x_wconf 86' lang='grc' dir='ltr'>Ε</span> <span class='ocrx_word' id='word_1_170' title='bbox 1237 2845 1358 2900; x_wconf 91' lang='lat' dir='ltr'><strong>Diodori</strong></span> 
     </span>
    </p>
   </div>
   <div class='ocr_carea' id='block_1_6' title="bbox 189 2932 1357 3096">
    <p class='ocr_par' dir='ltr' id='par_1_7' title="bbox 189 2932 1357 3096">
     <span class='ocr_line' id='line_1_24' title="bbox 189 2932 1357 3006; baseline 0 -19"><span class='ocrx_word' id='word_1_171' title='bbox 189 2932 323 3004; x_wconf 89' lang='lat' dir='ltr'><strong>opinione</strong></span> <span class='ocrx_word' id='word_1_172' title='bbox 346 2939 456 3006; x_wconf 90' lang='lat' dir='ltr'><strong>septem</strong></span> <span class='ocrx_word' id='word_1_173' title='bbox 481 2935 626 3006; x_wconf 87' lang='lat' dir='ltr'><strong>sapientes</strong></span> <span class='ocrx_word' id='word_1_174' title='bbox 653 2935 743 2990; x_wconf 85' lang='lat' dir='ltr'><strong>fuisse</strong></span> <span class='ocrx_word' id='word_1_175' title='bbox 770 2934 918 2990; x_wconf 89' lang='lat' dir='ltr'><strong>videntur:</strong></span> <span class='ocrx_word' id='word_1_176' title='bbox 946 2935 1062 3005; x_wconf 82' lang='lat' dir='ltr'><strong>Thales,</strong></span> <span class='ocrx_word' id='word_1_177' title='bbox 1090 2934 1189 3004; x_wconf 82' lang='lat' dir='ltr'><strong>Solon,</strong></span> <span class='ocrx_word' id='word_1_178' title='bbox 1217 2934 1357 3004; x_wconf 68' lang='lat' dir='ltr'><strong>Pittacus</strong></span> 
     </span>
     <span class='ocr_line' id='line_1_25' title="bbox 189 3022 993 3096; baseline 0.002 -20"><span class='ocrx_word' id='word_1_179' title='bbox 189 3022 265 3093; x_wconf 83' lang='lat' dir='ltr'><strong>Bias,</strong></span> <span class='ocrx_word' id='word_1_180' title='bbox 285 3022 397 3094; x_wconf 91' lang='lat' dir='ltr'><strong>Chilon,</strong></span> <span class='ocrx_word' id='word_1_181' title='bbox 416 3024 530 3096; x_wconf 91' lang='lat' dir='ltr'><strong>Myson,</strong></span> <span class='ocrx_word' id='word_1_182' title='bbox 550 3023 710 3080; x_wconf 78' lang='lat' dir='ltr'><strong>Cleobulus</strong></span> <span class='ocrx_word' id='word_1_183' title='bbox 730 3023 778 3094; x_wconf 84' lang='lat' dir='ltr'><strong>(cf.</strong></span> <span class='ocrx_word' id='word_1_184' title='bbox 797 3023 875 3078; x_wconf 88' lang='lat' dir='ltr'><strong>infra</strong></span> <span class='ocrx_word' id='word_1_185' title='bbox 892 3043 919 3096; x_wconf 92' lang='lat' dir='ltr'><strong>p.</strong></span> <span class='ocrx_word' id='word_1_186' title='bbox 940 3022 993 3095; x_wconf 87' lang='grc'>18.)</span> 
     </span>
    </p>
   </div>
   <div class='ocr_carea' id='block_1_7' title="bbox 188 3129 1358 3470">
    <p class='ocr_par' dir='ltr' id='par_1_8' title="bbox 188 3129 1358 3470">
     <span class='ocr_line' id='line_1_26' title="bbox 296 3129 1357 3203; baseline -0.001 -20"><span class='ocrx_word' id='word_1_187' title='bbox 296 3129 323 3201; x_wconf 93' lang='grc'><strong>1)</strong></span> <span class='ocrx_word' id='word_1_188' title='bbox 342 3131 551 3202; x_wconf 84' lang='lat' dir='ltr'><strong>Fragmentum</strong></span> <span class='ocrx_word' id='word_1_189' title='bbox 570 3136 685 3186; x_wconf 87' lang='lat' dir='ltr'><strong>sextum</strong></span> <span class='ocrx_word' id='word_1_190' title='bbox 704 3131 828 3186; x_wconf 88' lang='lat' dir='ltr'><strong>editores</strong></span> <span class='ocrx_word' id='word_1_191' title='bbox 846 3148 996 3203; x_wconf 85' lang='lat' dir='ltr'><strong>perperam</strong></span> <span class='ocrx_word' id='word_1_192' title='bbox 1015 3130 1091 3185; x_wconf 89' lang='lat' dir='ltr'><strong>inter</strong></span> <span class='ocrx_word' id='word_1_193' title='bbox 1109 3131 1134 3200; x_wconf 86' lang='lat'><strong>5,</strong></span> <span class='ocrx_word' id='word_1_194' title='bbox 1152 3132 1170 3184; x_wconf 78' lang='grc'>2</span> <span class='ocrx_word' id='word_1_195' title='bbox 1188 3135 1217 3185; x_wconf 85' lang='grc'><strong>01</strong></span> <span class='ocrx_word' id='word_1_196' title='bbox 1236 3131 1252 3184; x_wconf 97' lang='grc'>7</span> <span class='ocrx_word' id='word_1_197' title='bbox 1270 3129 1357 3183; x_wconf 92' lang='lat' dir='ltr'><strong>inter·</strong></span> 
     </span>
     <span class='ocr_line' id='line_1_27' title="bbox 188 3207 1358 3292; baseline -0.001 -19"><span class='ocrx_word' id='word_1_198' title='bbox 188 3236 316 3290; x_wconf 89' lang='lat' dir='ltr'><strong>posuere.</strong></span> <span class='ocrx_word' id='word_1_199' title='bbox 340 3220 481 3275; x_wconf 81' lang='lat' dir='ltr'><strong>Cohaeret</strong></span> <span class='ocrx_word' id='word_1_200' title='bbox 500 3221 576 3275; x_wconf 89' lang='lat' dir='ltr'><strong>enim</strong></span> <span class='ocrx_word' id='word_1_201' title='bbox 594 3221 739 3276; x_wconf 89' lang='lat' dir='ltr'><strong>artissime</strong></span> <span class='ocrx_word' id='word_1_202' title='bbox 757 3240 824 3276; x_wconf 90' lang='lat' dir='ltr'><strong>cum</strong></span> <span class='ocrx_word' id='word_1_203' title='bbox 842 3222 897 3291; x_wconf 82' lang='lat'><strong>5,1</strong></span> <span class='ocrx_word' id='word_1_204' title='bbox 917 3221 993 3292; x_wconf 92' lang='lat' dir='ltr'><strong>quod</strong></span> <span class='ocrx_word' id='word_1_205' title='bbox 1011 3207 1208 3291; x_wconf 84' lang='lat' dir='ltr'><strong>fragmentum</strong></span> <span class='ocrx_word' id='word_1_206' title='bbox 1227 3219 1264 3272; x_wconf 91' lang='lat' dir='ltr'><strong>ad</strong></span> <span class='ocrx_word' id='word_1_207' title='bbox 1280 3217 1358 3272; x_wconf 84' lang='lat' dir='ltr'><strong>Peri·</strong></span> 
     </span>
     <span class='ocr_line' id='line_1_28' title="bbox 189 3309 1357 3382; baseline 0 -19"><span class='ocrx_word' id='word_1_208' title='bbox 189 3309 312 3364; x_wconf 88' lang='lat' dir='ltr'><strong>andrum</strong></span> <span class='ocrx_word' id='word_1_209' title='bbox 340 3315 469 3381; x_wconf 89' lang='lat' dir='ltr'><strong>spectare</strong></span> <span class='ocrx_word' id='word_1_210' title='bbox 495 3309 559 3366; x_wconf 81' lang='lat' dir='ltr'><strong>viro</strong></span> <span class='ocrx_word' id='word_1_211' title='bbox 578 3309 655 3364; x_wconf 93' lang='lat' dir='ltr'><strong>docti</strong></span> <span class='ocrx_word' id='word_1_212' title='bbox 674 3315 777 3380; x_wconf 85' lang='lat' dir='ltr'><strong>argute</strong></span> <span class='ocrx_word' id='word_1_213' title='bbox 799 3326 976 3382; x_wconf 86' lang='lat' dir='ltr'><strong>perspexere.</strong></span> <span class='ocrx_word' id='word_1_214' title='bbox 1017 3310 1082 3364; x_wconf 92' lang='lat' dir='ltr'><strong>Hoc</strong></span> <span class='ocrx_word' id='word_1_215' title='bbox 1107 3314 1204 3364; x_wconf 88' lang='lat' dir='ltr'><strong>autem</strong></span> <span class='ocrx_word' id='word_1_216' title='bbox 1231 3313 1357 3380; x_wconf 88' lang='lat' dir='ltr'><strong>tyranno</strong></span> 
     </span>
     <span class='ocr_line' id='line_1_29' title="bbox 189 3397 982 3470; baseline 0 -18"><span class='ocrx_word' id='word_1_217' title='bbox 189 3404 299 3452; x_wconf 89' lang='lat' dir='ltr'><strong>remoto</strong></span> <span class='ocrx_word' id='word_1_218' title='bbox 318 3399 462 3453; x_wconf 90' lang='lat' dir='ltr'><strong>Diodorus</strong></span> <span class='ocrx_word' id='word_1_219' title='bbox 481 3399 516 3454; x_wconf 88' lang='lat' dir='ltr'><strong>de</strong></span> <span class='ocrx_word' id='word_1_220' title='bbox 534 3397 656 3470; x_wconf 90' lang='lat' dir='ltr'><strong>Mysone</strong></span> <span class='ocrx_word' id='word_1_221' title='bbox 675 3399 842 3454; x_wconf 87' lang='lat' dir='ltr'><strong>disseruisse</strong></span> <span class='ocrx_word' id='word_1_222' title='bbox 860 3399 982 3455; x_wconf 89' lang='lat' dir='ltr'><strong>videtur.</strong></span> 
     </span>
    </p>
   </div>
   <div class='ocr_carea' id='block_1_8' title="bbox 189 3503 1443 4559">
    <p class='ocr_par' dir='ltr' id='par_1_9' title="bbox 189 3503 1443 4559">
     <span class='ocr_line' id='line_1_30' title="bbox 295 3503 1358 3577; baseline -0.002 -17"><span class='ocrx_word' id='word_1_223' title='bbox 295 3503 323 3575; x_wconf 77' lang='lat'><strong>2)</strong></span> <span class='ocrx_word' id='word_1_224' title='bbox 343 3506 378 3560; x_wconf 95' lang='lat' dir='ltr'><strong>In</strong></span> <span class='ocrx_word' id='word_1_225' title='bbox 397 3505 562 3577; x_wconf 85' lang='lat' dir='ltr'><strong>fragmento</strong></span> <span class='ocrx_word' id='word_1_226' title='bbox 581 3505 702 3577; x_wconf 89' lang='lat' dir='ltr'><strong>septimo</strong></span> <span class='ocrx_word' id='word_1_227' title='bbox 722 3504 844 3575; x_wconf 80' lang='lat' dir='ltr'><strong>„Sclon“</strong></span> <span class='ocrx_word' id='word_1_228' title='bbox 863 3523 879 3561; x_wconf 90' lang='lat' dir='ltr'><strong>e</strong></span> <span class='ocrx_word' id='word_1_229' title='bbox 896 3506 1019 3577; x_wconf 89' lang='lat' dir='ltr'><strong>Mysone</strong></span> <span class='ocrx_word' id='word_1_230' title='bbox 1038 3503 1157 3576; x_wconf 90' lang='lat' dir='ltr'><strong>quaerit,</strong></span> <span class='ocrx_word' id='word_1_231' title='bbox 1177 3523 1229 3559; x_wconf 90' lang='lat' dir='ltr'><strong>cur</strong></span> <span class='ocrx_word' id='word_1_232' title='bbox 1247 3509 1358 3560; x_wconf 90' lang='lat' dir='ltr'><strong>aestate</strong></span> 
     </span>
     <span class='ocr_line' id='line_1_31' title="bbox 189 3592 1357 3666; baseline -0.002 -18"><span class='ocrx_word' id='word_1_233' title='bbox 189 3594 295 3650; x_wconf 87' lang='lat' dir='ltr'><strong>stivam</strong></span> <span class='ocrx_word' id='word_1_234' title='bbox 318 3600 414 3650; x_wconf 90' lang='lat' dir='ltr'><strong>aratro</strong></span> <span class='ocrx_word' id='word_1_235' title='bbox 438 3600 526 3666; x_wconf 87' lang='lat' dir='ltr'><strong>aptet.</strong></span> <span class='ocrx_word' id='word_1_236' title='bbox 563 3596 599 3648; x_wconf 94' lang='lat' dir='ltr'><strong>In</strong></span> <span class='ocrx_word' id='word_1_237' title='bbox 622 3596 677 3649; x_wconf 93' lang='lat' dir='ltr'><strong>hoc</strong></span> <span class='ocrx_word' id='word_1_238' title='bbox 695 3595 823 3650; x_wconf 87' lang='lat' dir='ltr'><strong>Klucber</strong></span> <span class='ocrx_word' id='word_1_239' title='bbox 846 3593 875 3664; x_wconf 85' lang='lat' dir='ltr'><strong>(l.</strong></span> <span class='ocrx_word' id='word_1_240' title='bbox 894 3595 912 3650; x_wconf 90' lang='lat' dir='ltr'><strong>l.</strong></span> <span class='ocrx_word' id='word_1_241' title='bbox 931 3611 958 3664; x_wconf 92' lang='lat' dir='ltr'><strong>p.</strong></span> <span class='ocrx_word' id='word_1_242' title='bbox 979 3592 1357 3665; x_wconf 74' lang='lat' dir='ltr'><strong>15)pr0,‚8010n“‚„Ana-</strong></span> 
     </span>
     <span class='ocr_line' id='line_1_32' title="bbox 190 3679 1356 3756; baseline 0 -20"><span class='ocrx_word' id='word_1_243' title='bbox 190 3682 326 3753; x_wconf 89' lang='lat' dir='ltr'><strong>charsis“,</strong></span> <span class='ocrx_word' id='word_1_244' title='bbox 345 3685 379 3738; x_wconf 89' lang='lat' dir='ltr'><strong>de</strong></span> <span class='ocrx_word' id='word_1_245' title='bbox 399 3701 454 3755; x_wconf 91' lang='lat' dir='ltr'><strong>quo</strong></span> <span class='ocrx_word' id='word_1_246' title='bbox 473 3683 550 3751; x_wconf 89' lang='lat' dir='ltr'><strong>idem</strong></span> <span class='ocrx_word' id='word_1_247' title='bbox 568 3683 702 3738; x_wconf 70' lang='lat' dir='ltr'><strong>Laertius</strong></span> <span class='ocrx_word' id='word_1_248' title='bbox 720 3683 865 3755; x_wconf 86' lang='lat' dir='ltr'><strong>Diogenes</strong></span> <span class='ocrx_word' id='word_1_249' title='bbox 885 3682 919 3754; x_wconf 92' lang='grc' dir='ltr'><strong>(Ι,</strong></span> <span class='ocrx_word' id='word_1_250' title='bbox 938 3679 958 3756; x_wconf 62' lang='grc' dir='ltr'>ξ</span> <span class='ocrx_word' id='word_1_251' title='bbox 979 3681 1041 3754; x_wconf 89' lang='grc'>107)</span> <span class='ocrx_word' id='word_1_252' title='bbox 1065 3681 1207 3746; x_wconf 85' lang='lat' dir='ltr'><strong>narravit,</strong></span> <span class='ocrx_word' id='word_1_253' title='bbox 1232 3681 1356 3736; x_wconf 89' lang='lat' dir='ltr'><strong>scriben-</strong></span> 
     </span>
     <span class='ocr_line' id='line_1_33' title="bbox 191 3770 1357 3845; baseline -0.002 -19"><span class='ocrx_word' id='word_1_254' title='bbox 191 3773 260 3827; x_wconf 88' lang='lat' dir='ltr'><strong>dum</strong></span> <span class='ocrx_word' id='word_1_255' title='bbox 279 3790 341 3827; x_wconf 88' lang='lat' dir='ltr'><strong>esse</strong></span> <span class='ocrx_word' id='word_1_256' title='bbox 363 3772 487 3845; x_wconf 86' lang='lat' dir='ltr'><strong>putavit.</strong></span> <span class='ocrx_word' id='word_1_257' title='bbox 528 3773 584 3828; x_wconf 88' lang='lat' dir='ltr'><strong>Sed</strong></span> <span class='ocrx_word' id='word_1_258' title='bbox 611 3791 676 3827; x_wconf 90' lang='lat' dir='ltr'><strong>cum</strong></span> <span class='ocrx_word' id='word_1_259' title='bbox 704 3773 823 3828; x_wconf 90' lang='lat' dir='ltr'><strong>Diodori</strong></span> <span class='ocrx_word' id='word_1_260' title='bbox 850 3772 1042 3842; x_wconf 87' lang='lat' dir='ltr'><strong>narrationes,</strong></span> <span class='ocrx_word' id='word_1_261' title='bbox 1071 3770 1202 3843; x_wconf 84' lang='lat' dir='ltr'><strong>quamvis</strong></span> <span class='ocrx_word' id='word_1_262' title='bbox 1229 3771 1357 3840; x_wconf 89' lang='lat' dir='ltr'><strong>mutilae,</strong></span> 
     </span>
     <span class='ocr_line' id='line_1_34' title="bbox 191 3854 1443 3937; baseline -0.005 -21"><span class='ocrx_word' id='word_1_263' title='bbox 191 3861 270 3916; x_wconf 87' lang='lat' dir='ltr'><strong>haud</strong></span> <span class='ocrx_word' id='word_1_264' title='bbox 288 3861 353 3916; x_wconf 88' lang='lat' dir='ltr'><strong>raro</strong></span> <span class='ocrx_word' id='word_1_265' title='bbox 372 3863 486 3934; x_wconf 87' lang='lat' dir='ltr'><strong>integro</strong></span> <span class='ocrx_word' id='word_1_266' title='bbox 499 3861 623 3933; x_wconf 87' lang='lat' dir='ltr'><strong>Diogeni</strong></span> <span class='ocrx_word' id='word_1_267' title='bbox 636 3863 853 3934; x_wconf 76' lang='lat' dir='ltr'><strong>anteponendas</strong></span> <span class='ocrx_word' id='word_1_268' title='bbox 866 3863 933 3932; x_wconf 90' lang='lat' dir='ltr'><strong>sint,</strong></span> <span class='ocrx_word' id='word_1_269' title='bbox 952 3867 1015 3915; x_wconf 90' lang='lat' dir='ltr'><strong>tum</strong></span> <span class='ocrx_word' id='word_1_270' title='bbox 1028 3861 1104 3933; x_wconf 89' lang='lat' dir='ltr'><strong>apud</strong></span> <span class='ocrx_word' id='word_1_271' title='bbox 1116 3861 1193 3914; x_wconf 91' lang='lat' dir='ltr'><strong>hunc</strong></span> <span class='ocrx_word' id='word_1_272' title='bbox 1206 3854 1357 3924; x_wconf 77' lang='grc' dir='ltr'><strong>,,Σὸλωνα“</strong></span> <span class='ocrx_word' id='word_1_273' title='bbox 1439 3929 1443 3937; x_wconf 37' lang='grc' dir='ltr'>Ι</span> 
     </span>
     <span class='ocr_line' id='line_1_35' title="bbox 189 3949 1357 4024; baseline -0.002 -18"><span class='ocrx_word' id='word_1_274' title='bbox 189 3951 304 4006; x_wconf 88' lang='lat' dir='ltr'><strong>facilius</strong></span> <span class='ocrx_word' id='word_1_275' title='bbox 322 3951 417 4024; x_wconf 91' lang='lat' dir='ltr'><strong>potuit</strong></span> <span class='ocrx_word' id='word_1_276' title='bbox 430 3951 533 4022; x_wconf 89' lang='lat' dir='ltr'><strong>omitti,</strong></span> <span class='ocrx_word' id='word_1_277' title='bbox 553 3969 640 4022; x_wconf 88' lang='lat' dir='ltr'><strong>quarn</strong></span> <span class='ocrx_word' id='word_1_278' title='bbox 653 3951 730 4023; x_wconf 90' lang='lat' dir='ltr'><strong>apud</strong></span> <span class='ocrx_word' id='word_1_279' title='bbox 744 3951 826 4005; x_wconf 90' lang='lat' dir='ltr'><strong>illum</strong></span> <span class='ocrx_word' id='word_1_280' title='bbox 838 3950 1016 4023; x_wconf 87' lang='lat' dir='ltr'><strong>interpolari,</strong></span> <span class='ocrx_word' id='word_1_281' title='bbox 1036 3967 1101 4004; x_wconf 88' lang='lat' dir='ltr'><strong>cum</strong></span> <span class='ocrx_word' id='word_1_282' title='bbox 1116 3954 1202 4004; x_wconf 87' lang='lat' dir='ltr'><strong>antea</strong></span> <span class='ocrx_word' id='word_1_283' title='bbox 1214 3949 1357 4004; x_wconf 88' lang='lat' dir='ltr'><strong>Diodorus</strong></span> 
     </span>
     <span class='ocr_line' id='line_1_36' title="bbox 190 4037 1357 4112; baseline -0.003 -17"><span class='ocrx_word' id='word_1_284' title='bbox 190 4040 251 4096; x_wconf 86' lang='lat' dir='ltr'><strong>eius</strong></span> <span class='ocrx_word' id='word_1_285' title='bbox 275 4040 451 4096; x_wconf 85' lang='lat' dir='ltr'><strong>mentionem</strong></span> <span class='ocrx_word' id='word_1_286' title='bbox 470 4059 529 4096; x_wconf 94' lang='lat' dir='ltr'><strong>non</strong></span> <span class='ocrx_word' id='word_1_287' title='bbox 547 4041 671 4095; x_wconf 81' lang='lat' dir='ltr'><strong>fecisset.</strong></span> <span class='ocrx_word' id='word_1_288' title='bbox 715 4041 758 4094; x_wconf 90' lang='lat' dir='ltr'><strong>Ac</strong></span> <span class='ocrx_word' id='word_1_289' title='bbox 775 4040 847 4094; x_wconf 90' lang='lat' dir='ltr'><strong>illud</strong></span> <span class='ocrx_word' id='word_1_290' title='bbox 866 4043 1155 4112; x_wconf 70' lang='grc' dir='ltr'><strong>,πολυπραγμονεῖνῆ</strong></span> <span class='ocrx_word' id='word_1_291' title='bbox 1176 4037 1252 4110; x_wconf 89' lang='lat' dir='ltr'><strong>quod</strong></span> <span class='ocrx_word' id='word_1_292' title='bbox 1271 4055 1357 4109; x_wconf 88' lang='lat' dir='ltr'><strong>appo·</strong></span> 
     </span>
     <span class='ocr_line' id='line_1_37' title="bbox 190 4126 1358 4201; baseline -0.002 -17"><span class='ocrx_word' id='word_1_293' title='bbox 190 4130 279 4185; x_wconf 91' lang='lat' dir='ltr'><strong>situm</strong></span> <span class='ocrx_word' id='word_1_294' title='bbox 306 4137 357 4200; x_wconf 88' lang='lat' dir='ltr'><strong>est,</strong></span> <span class='ocrx_word' id='word_1_295' title='bbox 386 4130 417 4185; x_wconf 89' lang='lat' dir='ltr'><strong>in</strong></span> <span class='ocrx_word' id='word_1_296' title='bbox 444 4135 598 4201; x_wconf 86' lang='lat' dir='ltr'><strong>utrumque</strong></span> <span class='ocrx_word' id='word_1_297' title='bbox 625 4130 767 4200; x_wconf 88' lang='lat' dir='ltr'><strong>quadrare</strong></span> <span class='ocrx_word' id='word_1_298' title='bbox 793 4135 896 4201; x_wconf 88' lang='lat' dir='ltr'><strong>potest.</strong></span> <span class='ocrx_word' id='word_1_299' title='bbox 938 4129 1054 4183; x_wconf 87' lang='lat' dir='ltr'><strong>Etenim</strong></span> <span class='ocrx_word' id='word_1_300' title='bbox 1079 4127 1177 4182; x_wconf 89' lang='lat' dir='ltr'><strong>nescio</strong></span> <span class='ocrx_word' id='word_1_301' title='bbox 1199 4145 1237 4181; x_wconf 90' lang='lat' dir='ltr'><strong>an</strong></span> <span class='ocrx_word' id='word_1_302' title='bbox 1262 4126 1358 4198; x_wconf 87' lang='lat' dir='ltr'><strong>inepte</strong></span> 
     </span>
     <span class='ocr_line' id='line_1_38' title="bbox 191 4215 1358 4290; baseline -0.003 -16"><span class='ocrx_word' id='word_1_303' title='bbox 191 4220 263 4290; x_wconf 92' lang='lat' dir='ltr'><strong>„hoc</strong></span> <span class='ocrx_word' id='word_1_304' title='bbox 288 4220 403 4274; x_wconf 90' lang='lat' dir='ltr'><strong>oraculo</strong></span> <span class='ocrx_word' id='word_1_305' title='bbox 428 4218 631 4274; x_wconf 67' lang='grc' dir='ltr'><strong>001110110111111ιι</strong></span> <span class='ocrx_word' id='word_1_306' title='bbox 659 4219 735 4274; x_wconf 88' lang='lat' dir='ltr'><strong>hanc</strong></span> <span class='ocrx_word' id='word_1_307' title='bbox 762 4237 863 4275; x_wconf 88' lang='lat' dir='ltr'><strong>vocem</strong></span> <span class='ocrx_word' id='word_1_308' title='bbox 890 4218 1104 4287; x_wconf 85' lang='lat' dir='ltr'><strong>transtulerint,</strong></span> <span class='ocrx_word' id='word_1_309' title='bbox 1133 4216 1181 4288; x_wconf 91' lang='lat' dir='ltr'><strong>qui</strong></span> <span class='ocrx_word' id='word_1_310' title='bbox 1208 4215 1358 4270; x_wconf 70' lang='lat' dir='ltr'><strong>Laertium</strong></span> 
     </span>
     <span class='ocr_line' id='line_1_39' title="bbox 190 4305 1358 4380; baseline -0.005 -16"><span class='ocrx_word' id='word_1_311' title='bbox 190 4309 351 4380; x_wconf 88' lang='lat' dir='ltr'><strong>Diogenem</strong></span> <span class='ocrx_word' id='word_1_312' title='bbox 382 4308 472 4363; x_wconf 88' lang='lat' dir='ltr'><strong>latine</strong></span> <span class='ocrx_word' id='word_1_313' title='bbox 501 4313 659 4364; x_wconf 89' lang='lat' dir='ltr'><strong>verterunt.</strong></span> <span class='ocrx_word' id='word_1_314' title='bbox 714 4309 813 4380; x_wconf 86' lang='lat' dir='ltr'><strong>Neque</strong></span> <span class='ocrx_word' id='word_1_315' title='bbox 843 4309 898 4362; x_wconf 91' lang='lat' dir='ltr'><strong>hcc</strong></span> <span class='ocrx_word' id='word_1_316' title='bbox 928 4307 1112 4377; x_wconf 88' lang='lat' dir='ltr'><strong>vocabulum,</strong></span> <span class='ocrx_word' id='word_1_317' title='bbox 1143 4311 1176 4361; x_wconf 92' lang='lat' dir='ltr'><strong>ut</strong></span> <span class='ocrx_word' id='word_1_318' title='bbox 1206 4305 1358 4376; x_wconf 89' lang='lat' dir='ltr'><strong>Menagius</strong></span> 
     </span>
     <span class='ocr_line' id='line_1_40' title="bbox 190 4395 1357 4468; baseline -0.004 -16"><span class='ocrx_word' id='word_1_319' title='bbox 190 4398 225 4452; x_wconf 80' lang='lat' dir='ltr'><strong>A.</strong></span> <span class='ocrx_word' id='word_1_320' title='bbox 245 4397 337 4452; x_wconf 82' lang='lat' dir='ltr'><strong>Gellio</strong></span> <span class='ocrx_word' id='word_1_321' title='bbox 356 4395 421 4466; x_wconf 84' lang='lat' dir='ltr'><strong>(XI,</strong></span> <span class='ocrx_word' id='word_1_322' title='bbox 435 4396 479 4467; x_wconf 89' lang='lat'><strong>16)</strong></span> <span class='ocrx_word' id='word_1_323' title='bbox 499 4397 664 4452; x_wconf 82' lang='lat' dir='ltr'><strong>affirmante</strong></span> <span class='ocrx_word' id='word_1_324' title='bbox 676 4403 753 4452; x_wconf 86' lang='lat' dir='ltr'><strong>recte</strong></span> <span class='ocrx_word' id='word_1_325' title='bbox 765 4396 925 4468; x_wconf 84' lang='lat' dir='ltr'><strong>annotavit,</strong></span> <span class='ocrx_word' id='word_1_326' title='bbox 939 4395 1111 4452; x_wconf 84' lang='lat' dir='ltr'><strong>difficultate</strong></span> <span class='ocrx_word' id='word_1_327' title='bbox 1124 4401 1210 4450; x_wconf 87' lang='lat' dir='ltr'><strong>caret.</strong></span> <span class='ocrx_word' id='word_1_328' title='bbox 1237 4395 1357 4466; x_wconf 83' lang='lat' dir='ltr'><strong>Stepha-</strong></span> 
     </span>
     <span class='ocr_line' id='line_1_41' title="bbox 191 4483 1356 4559; baseline -0.003 -18"><span class='ocrx_word' id='word_1_329' title='bbox 191 4505 246 4541; x_wconf 90' lang='lat' dir='ltr'><strong>nus</strong></span> <span class='ocrx_word' id='word_1_330' title='bbox 265 4487 380 4558; x_wconf 89' lang='lat' dir='ltr'><strong>quidem</strong></span> <span class='ocrx_word' id='word_1_331' title='bbox 399 4487 482 4544; x_wconf 78' lang='lat' dir='ltr'><strong>Thes.</strong></span> <span class='ocrx_word' id='word_1_332' title='bbox 501 4487 520 4541; x_wconf 89' lang='lat' dir='ltr'><strong>l.</strong></span> <span class='ocrx_word' id='word_1_333' title='bbox 539 4506 582 4559; x_wconf 89' lang='lat' dir='ltr'><strong>gr.</strong></span> <span class='ocrx_word' id='word_1_334' title='bbox 601 4487 643 4542; x_wconf 91' lang='lat' dir='ltr'><strong>VI</strong></span> <span class='ocrx_word' id='word_1_335' title='bbox 661 4507 688 4559; x_wconf 92' lang='lat' dir='ltr'><strong>p.</strong></span> <span class='ocrx_word' id='word_1_336' title='bbox 710 4489 778 4542; x_wconf 91' lang='grc'>1711</span> <span class='ocrx_word' id='word_1_337' title='bbox 797 4487 896 4542; x_wconf 90' lang='lat' dir='ltr'><strong>multis</strong></span> <span class='ocrx_word' id='word_1_338' title='bbox 915 4485 1040 4558; x_wconf 90' lang='lat' dir='ltr'><strong>negotiis</strong></span> <span class='ocrx_word' id='word_1_339' title='bbox 1063 4485 1158 4557; x_wconf 87' lang='lat' dir='ltr'><strong>eisque</strong></span> <span class='ocrx_word' id='word_1_340' title='bbox 1182 4483 1282 4540; x_wconf 87' lang='lat' dir='ltr'><strong>alicnis</strong></span> <span class='ocrx_word' id='word_1_341' title='bbox 1304 4484 1356 4538; x_wconf 89' lang='lat' dir='ltr'><strong>irn-</strong></span> 
     </span>
    </p>
   </div>
   <div class='ocr_carea' id='block_1_9' title="bbox 0 0 1554 5124">
    <p class='ocr_par' dir='ltr' id='par_1_10' title="bbox 0 0 1554 5124">
     <span class='ocr_line' id='line_1_42' title="bbox 0 0 1554 5124; baseline 0 0"><span class='ocrx_word' id='word_1_342' title='bbox 0 0 1554 5124; x_wconf 95' lang='lat' dir='ltr'><strong> </strong></span> 
     </span>
    </p>
   </div>
  </div>
 </body>
</html>
