3086 5134
851 278 872 346 2

754 371 965 378 -..—---..

277 493 431 581 ineptum
452 494 623 580 videatur,
652 494 711 560 ubi
739 494 780 560 de
808 495 1009 580 fragmentis
1032 495 1155 580 agitur.
1164 489 1190 578 ¹)
1235 496 1445 582 Fragmenta

277 610 432 696 denique,
462 633 546 696 quae
574 611 611 675 in
635 611 803 698 excerptis
828 634 887 676 seu
910 611 1086 676 Vaticanis
1120 611 1192 676 sive
1216 633 1300 696 quae
1324 613 1444 677 inscri-

276 727 403 792 buntur
430 720 508 809 περὶ
537 715 652 812 ἀρετῆς
679 721 735 788 καὶ
763 720 893 803 κακίας,
930 750 990 792 seu
1023 727 1106 792 alibi
1140 733 1258 792 extant
1292 727 1445 812 discissa,

277 864 479 926 quamquam
506 841 549 907 ad
578 843 720 907 eandem
748 849 904 930 spectant
930 838 1015 928 rem,
1052 843 1312 930 epitomatorum
1347 845 1446 931 culpa

276 957 447 1022 disiuncta
475 980 547 1022 esse
574 959 718 1044 putavit.
770 959 814 1024 Ei
841 964 968 1044 autem,
998 959 1062 1024 etsi
1085 959 1282 1044 saepissime
1311 966 1444 1026 contra·

276 1065 387 1138 hendo
416 1079 450 1136 et
479 1074 695 1158 negligenter
722 1073 959 1141 commutando
993 1075 1179 1140 orationem
1214 1082 1445 1161 corruperunt,

276 1194 390 1254 tamen
418 1189 538 1254 seriem
561 1189 829 1276 fragmentorum
859 1190 930 1284 fere
952 1213 1126 1276 nunquam
1149 1191 1444 1276 perturbaverunt.

277 1305 371 1369 Haec
395 1305 486 1369 enim
503 1313 537 1370 et
552 1305 731 1371 Ernestius
748 1300 926 1388 8611111162)
951 1314 985 1372 et
1007 1307 1177 1370 Henricus
1192 1307 1318 1372 Nissen
1325 1302 1360 1390 ³),
1386 1307 1446 1392 qui

275 1420 313 1484 in
335 1419 472 1505 Polybii
495 1421 748 1506 inquisiverunt
770 1421 884 1506 libros,
908 1421 1201 1487 confirmaverunt.
1252 1422 1372 1507 Neque
1396 1423 1445 1488 ita

274 1558 378 1621 grave
406 1544 458 1604 est
485 1543 736 1622 argumentum,
774 1537 862 1622 quod
889 1538 980 1622 Ang.
1003 1532 1148 1622 Maius4)
1177 1537 1260 1603 duos
1289 1539 1345 1602 vel
1373 1543 1443 1602 tres

274 1652 365 1716 locos
388 1652 426 1716 in
449 1653 617 1739 excerptis
641 1651 829 1739 duplicatos
850 1653 975 1717 redimi
998 1653 1184 1718 annotavit.
1231 1654 1320 1719 Nam
1349 1659 1383 1718 et
1406 1653 1444 1718 in

275 1773 327 1833 tot
343 1767 543 1854 fragmentis
559 1791 727 1856 perpauca
749 1776 837 1853 sunt,
863 1792 947 1854 quae
962 1769 1050 1833 hanc
1067 1769 1291 1855 suspitionem
1306 1792 1443 1834 movere

275 1884 421 1970 possint,
455 1906 565 1969 neque
599 1885 742 1950 Diodori
775 1885 862 1950 ratio
896 1885 1078 1971 permittit,
1114 1891 1153 1949 ut
1183 1885 1220 1949 in
1249 1885 1441 1970 eclogarioS,

274 2000 456 2064 multarum
491 2000 733 2066 difficultatum
767 2024 847 2066 sane
882 2008 1049 2085 auctores,
1086 2001 1219 2087 culpam
1252 2001 1442 2066 reiciamus.

274 2115 442 2180 Diodorus
467 2117 558 2181 enim
580 2139 689 2202 neque
712 2140 839 2201 rerum,
869 2139 951 2202 quas
980 2115 1148 2204 depinxit,
1183 2116 1250 2181 fuit
1277 2117 1444 2204 peritissi-

273 2254 359 2317 mus,
382 2255 492 2318 neque
516 2233 585 2298 acri
608 2234 644 2297 in
667 2234 767 2299 rebus
791 2232 1020 2298 diiudicandis
1043 2233 1180 2298 iudicio.
1231 2233 1351 2318 Itaque
1375 2254 1443 2296 scr-

274 2348 403 2432 viliter,
440 2349 530 2433 quod
564 2350 601 2414 in
635 2350 772 2415 homine
805 2349 933 2414 Graeco
967 2349 1102 2433 mirere,
1136 2348 1286 2434 vestigia
1319 2348 1445 2434 pressit

275 2469 462 2548 auctorum,
496 2466 621 2552 quippe
651 2488 733 2550 quos
761 2488 805 2529 ne
833 2487 966 2552 semper
994 2465 1131 2550 quidem
1155 2471 1250 2551 aptos
1274 2465 1444 2548 elegisset.

273 2579 413 2644 Etenim
448 2603 504 2645 eos
539 2581 642 2646 verbo
678 2580 719 2645 de
746 2582 849 2646 verbo
879 2581 1210 2667 chronographorum
1239 2579 1343 2645 medii
1367 2581 1445 2645 aevi

274 2695 382 2760 instar
405 2697 592 2782 exscripsit.
625 2697 737 2761 Huius
760 2698 810 2761 rei
833 2697 1010 2783 perspicua
1034 2697 1187 2782 exempla
1204 2704 1238 2760 et
1252 2695 1443 2780 Volquard-

275 2807 405 2888 senus5)
442 2819 475 2876 et
509 2814 553 2877 H.
582 2808 779 2892 Nissenus⁶l
814 2814 852 2877 in
887 2813 1037 2878 medium
1067 2813 1291 2900 protulerunt.
1342 2811 1444 2876 Unde

273 2925 401 2991 factum
430 2934 494 3012 est,
531 2935 570 2993 ut
600 2929 667 2993 alia
693 2929 808 2994 flueret
837 2929 873 2993 111
896 2928 1139 3015 posterioribus
1166 2927 1277 3011 libris,
1313 2927 1378 2990 alia
1406 2927 1444 2990 in

273 3043 440 3128 prioribus
453 3045 568 3109 oratio.
593 3045 711 3130 Neque
725 3046 823 3109 aliter
836 3045 1072 3130 explicandum
1089 3051 1149 3128 est,
1167 3044 1256 3129 quod
1269 3021 1410 3108 eandem
1418 3037 1442 3122 7)

273 3181 345 3222 rem
370 3159 497 3224 eisdem
521 3159 592 3224 fere
615 3159 728 3225 verbis
751 3161 939 3225 identidem
962 3159 1003 3224 ab
1020 3161 1078 3225 illo
1094 3161 1259 3246 prolatam
1274 3159 1441 3225 videmus.

380 3461 406 3530 1)
427 3459 510 3526 Quod
523 3464 620 3514 tamen
640 3460 688 3514 ille
701 3459 737 3514 ad
750 3478 847 3515 rerum
861 3459 1057 3515 conclusiones
1069 3459 1227 3515 identidem
1240 3458 1369 3530 proferre
1382 3477 1442 3514 non

272 3547 382 3604 veritus
401 3555 445 3603 est
464 3550 481 3606 l.
501 3550 518 3602 l.
539 3567 565 3620 p.
585 3552 610 3618 7,
629 3569 655 3620 p.
678 3551 718 3604 11.

378 3653 406 3726 2)
426 3656 469 3710 Ι)6
480 3657 621 3727 excerptis
638 3655 885 3712 Constantinianis
901 3662 1011 3727 quaest.
1029 3655 1145 3710 criticae
1159 3655 1278 3710 Bonnae
1294 3655 1362 3709 1866
1376 3673 1403 3726 p.
1415 3656 1440 3710 9.

377 3762 405 3834 3)
425 3763 503 3817 Krit.
523 3763 639 3818 Unters
660 3763 730 3818 iiber
748 3762 794 3818 die
808 3763 928 3830 Quellen
947 3763 1011 3817 (1.4.
1025 3781 1051 3818 u.
1066 3763 1090 3818 5.
1104 3763 1222 3817 Dekade
1236 3763 1285 3817 des
1297 3761 1360 3818 Liv.
1373 3780 1400 3833 p.
1415 3764 1440 3817 7.

377 3871 406 3939 4)
425 3869 540 3941 Fragm.
554 3870 637 3926 Diod.
648 3869 778 3924 Vatican.
792 3871 855 3924 libr.
868 3869 991 3926 VII-X
1002 3912 1008 3924 .
1020 3914 1025 3926 .
1038 3911 1061 3926 ..
1082 3887 1105 3924 c.
1125 3887 1190 3924 ann.
1204 3869 1239 3924 A.
1252 3869 1313 3924 Mai
1328 3887 1365 3924 ex
1383 3887 1439 3924 160.

271 3959 343 4013 Lud.
363 3959 506 4044 Dindorfii
525 3961 594 4013 1828
612 3979 638 4030 p.
658 3961 694 4012 24
712 3978 777 4013 ann.

378 4065 405 4136 5)
425 4066 540 4120 Unters.
559 4066 629 4120 iiber
647 4065 692 4120 die
712 4065 831 4132 Quellen
846 4067 896 4120 der
909 4065 1015 4137 griech.
1029 4083 1056 4120 u.
1071 4065 1140 4120 sicil.
1155 4065 1257 4120 Gesch.
1270 4064 1317 4120 bei
1329 4063 1440 4118 Diodor

270 4155 431 4211 XI—XVI.
468 4155 535 4210 Kiel
554 4156 623 4209 1868
642 4174 669 4226 p.
688 4157 731 4226 50,
751 4156 792 4209 51.

377 4261 405 4332 c)
424 4263 442 4316 1.
461 4263 479 4316 l.
498 4281 524 4334 p.
545 4263 605 4316 111.

378 4367 406 4439 7)
426 4369 462 4424 cf.
487 4370 749 4440 Volquardsenum.
769 4370 787 4423 l.
811 4370 829 4424 l.
851 4369 969 4424 Dioder.
988 4367 1041 4438 XI,
1064 4367 1098 4422 75
1121 4371 1151 4421 et
1174 4367 1221 4439 783
1247 4367 1326 4436 XVI,
1345 4367 1389 4437 31,
1408 4368 1438 4436 6;

271 4459 313 4532 34,
332 4460 350 4512 4
369 4465 397 4514 ct
416 4460 445 4530 ὃς
464 4459 507 4512 39.
