3086 5134
622 279 833 380 mli„-

250 497 279 563 3.
329 495 421 575 Quae
449 496 540 562 idem
569 496 610 562 de
634 519 764 563 conexu
787 519 825 562 ac
849 495 1019 562 sententia
1045 493 1314 582 fragmentorum

141 614 162 677 9
181 620 215 678 et
235 615 274 678 12
291 613 461 699 disseruit,
484 613 568 678 haec
592 613 621 678 si
644 620 735 679 recte
759 636 779 678 a
802 635 855 677 me
872 613 1025 701 exposita
1041 621 1122 679 sunt
1146 610 1202 697 (cf.
1219 637 1251 700 p.
1271 614 1314 678 23

139 736 178 796 et
201 729 257 815 27)
281 730 435 816 opinioni
458 730 550 794 illius
575 730 742 795 contraria
764 729 927 794 videntur
950 730 1130 795 illustrare.

249 847 282 912 4.
326 845 528 912 Plutarchus
563 846 709 932 denique
743 846 860 933 inepte
889 869 931 912 ex
961 846 1053 912 illius
1081 846 1209 912 iudicio
1238 868 1315 912 cum

139 961 319 1028 scriberet:

187 1077 326 1164 Πρῶτον
347 1071 407 1158 μὲν
424 1060 478 1139 οὖν
502 1069 548 1152 εἰς
563 1069 741 1160 Αἴγυπτον
764 1066 901 1164 ἄφίκετο
925 1071 982 1138 καὶ
1006 1069 1172 1163 dirumpor
1188 1065 1233 1151 ὡς
1256 1070 1313 1138 καὶ

339 1185 499 1280 πρότερον
523 1184 620 1268 αὐτός
644 1212 726 1279 φησι

188 1301 309 1372 Νείλου
333 1304 392 1370 ἐπὶ
415 1311 579 1396 προχοῇσι
603 1301 796 1390 Κανωβίδος
819 1300 956 1392 ἐγγύθεν
979 1298 1080 1394 ἀκτῆς

138 1426 230 1492 illud
264 1417 424 1510 πρότερον
459 1425 501 1492 ad
535 1427 601 1492 iter
618 1419 735 1492 *antea
765 1433 959 1512 susceptum
987 1432 1139 1512 spectare
1166 1425 1313 1512 putavit,

141 1565 222 1608 cum
246 1542 318 1608 eius
342 1548 458 1608 auctor
485 1543 589 1608 alium
618 1543 806 1608 carminum
840 1543 1044 1630 respexisset
1078 1542 1198 1608 locum.
1246 1541 1316 1608 Sed

139 1649 306 1743 πρότερον
340 1681 441 1724 sensu
475 1660 575 1746 plane
610 1665 711 1725 caret.
758 1657 872 1744 Atque
900 1659 938 1724 in
960 1658 1104 1746 proclivi
1128 1664 1195 1744 est,
1225 1658 1316 1744 quod

141 1774 186 1840 ab
223 1775 298 1840 aliis
325 1776 556 1860 grammaticis
584 1775 794 1862 propositum
821 1798 930 1862 nuper
962 1776 1006 1840 H.
1034 1774 1143 1840 Flach
1180 1776 1224 1862 (p.
1250 1775 1315 1840 371

141 1913 224 1957 ann.
250 1889 282 1970 2)
306 1891 478 1976 probavit,
503 1882 664 1976 πρότερον
687 1915 705 1957 e
728 1891 946 1977 praecedenti
970 1889 1103 1975 πρῶτον
1127 1891 1314 1977 irrepsisse.

251 2007 392 2072 Ernesti
409 2007 450 2072 de
466 2005 616 2072 Leutsch
639 2007 849 2092 argumentis
871 2005 1053 2072 confutatis
1070 2007 1316 2092 exquirendum

142 2127 213 2207 est,
241 2143 386 2208 quonam
409 2123 495 2208 iure,
524 2119 656 2208 Blass1)
679 2123 861 2189 Plutarcho
886 2122 1019 2188 crimini
1046 2123 1188 2209 dederit,
1226 2123 1317 2209 quod

140 2239 180 2303 in
205 2260 276 2325 cap.
296 2240 337 2302 16
360 2261 478 2304 versus
503 2263 520 2304 e
545 2239 690 2304 diversis
714 2245 866 2326 sumptos
891 2239 1097 2305 carminibus
1118 2240 1205 2306 male
1223 2240 1315 2305 coni-

140 2354 309 2420 unxisset.
356 2356 487 2420 Extant
510 2361 623 2420 autem
647 2355 696 2420 sic
720 2355 809 2441 apud
831 2355 1067 2421 Plutarchum:

389 2460 456 2533 Oria
479 2459 518 2532 dv
541 2465 675 2548 κατέσχε
699 2467 803 2556 δῆμον
827 2460 914 2550 οὖτ2)
940 2462 1109 2531 ἐπαύσατο

385 2581 471 2671 Πρὶν
494 2575 534 2648 lb
556 2579 698 2673 ταράξας
720 2586 806 2671 πῖαρ
831 2581 921 2672 ἐξέλῃ
946 2577 1040 2668 γάλα.

143 2720 260 2805 Atque
287 2719 457 2785 Aristides
493 2718 545 2805 (τι.
575 2721 633 2782 τοῦ
657 2715 875 2805 παραφθέγμ.
905 2743 950 2786 or.
975 2721 1018 2786 49
1042 2721 1108 2786 vol.
1134 2721 1170 2786 H
1193 2743 1225 2807 p.
1250 2720 1315 2785 556

144 2835 198 2901 ed.
229 2837 270 2901 G.
294 2836 458 2916 Dindorf)
494 2859 570 2901 curn
602 2859 738 2901 carmen
766 2836 911 2902 afferens
939 2838 976 2902 in
1003 2837 1151 2923 priorem
1178 2859 1316 2902 versum

143 2951 337 3036 incidisset,
373 2959 450 3038 post
480 2952 584 3018 verba
612 2941 670 3013 cia
700 2941 739 3012 dv
761 2947 896 3029 κατέσχε
919 2947 1022 3036 δῆμον
1045 2952 1234 3018 orationem
1258 2952 1315 3018 ab·

142 3068 239 3156 rupit
262 3074 296 3132 et
318 3068 492 3133 nonnullis
517 3068 558 3133 de
582 3091 641 3134 suo
665 3068 801 3152 additis,
827 3068 927 3132 dixit:
963 3055 1035 3128 εἶτά
1062 3061 1096 3127 τί
1125 3085 1239 3152 φησιν·
1276 3060 1317 3128 El

145 3176 208 3267 γὰρ
233 3171 354 3269 ἤθελον
377 3204 406 3244 a.
431 3204 458 3244 c.
484 3180 512 3244 λ.
559 3185 628 3249 Diu
658 3191 771 3250 autem
799 3185 861 3250 Th.
886 3183 1002 3268 Bergk
1029 3183 1249 3249 Plutarchum
1280 3183 1318 3248 in

144 3299 302 3365 versibus
331 3299 509 3365 exarandis
540 3307 673 3365 secutus
709 3306 794 3384 erat,
831 3323 907 3365 cum
940 3321 1068 3386 papryo
1102 3299 1319 3364 Berolinensi

145 3415 299 3500 invente,
324 3416 383 3501 qui
409 3417 497 3481 mala
527 3415 665 3482 fortune
686 3417 842 3482 lacunam
865 3423 942 3503 post
970 3416 1052 3481 duas
1075 3415 1201 3501 primas
1224 3415 1317 3480 litte-

145 3553 201 3596 ras
225 3532 322 3597 verbi
348 3525 482 3609 κατέσχε
506 3533 652 3617 exhibet,
678 3532 831 3598 Blassius
855 3555 972 3598 versus
997 3531 1045 3596 sic
1069 3531 1317 3617 componendos

147 3647 277 3712 docuit:

257 3893 283 3966 1)
302 3896 425 3950 Hermes
442 3895 507 3965 XV,
526 3914 553 3968 p.
573 3895 625 3952 369
644 3911 687 3967 sq.

255 4001 283 4074 2)
303 4002 401 4074 Δῆμον
419 4007 541 4072 κατέσχε,
561 4023 613 4074 pro
632 4023 687 4076 quo
701 3996 917 4074 Reiskedopdv,
931 4002 1047 4057 Ahrens
1065 3993 1129 4074 λῆμ’
1143 3994 1176 4054 ὃν
1189 3999 1318 4072 coniecit,

147 4091 246 4162 Bergk
264 4098 340 4146 recte
359 4092 486 4147 retinuit.
523 4093 599 4146 Nam
618 4087 712 4165 θυμόν
730 4097 845 4162 κατέσχε
873 4092 949 4147 idem
977 4091 1135 4164 significat,
1164 4090 1240 4161 quod
1268 4084 1319 4143 οὐκ

148 4175 290 4234 ἐπαύσατο
311 4200 333 4233 κ.
354 4200 375 4234 τ,
395 4185 418 4234 t.
456 4183 610 4236 Praeterea
629 4181 716 4236 Solon
736 4201 769 4236 ea
787 4200 818 4236 re
836 4181 898 4253 ipsa
917 4182 1054 4253 populum
1074 4198 1091 4233 a
1110 4198 1140 4235 se
1159 4179 1319 4234 cohibitum

149 4287 219 4340 esse,
238 4270 352 4341 saepius
371 4270 511 4340 gloriatus
530 4275 582 4339 est,
611 4270 687 4340 quod
709 4289 801 4341 neque
828 4264 1005 4341 ‹pcloxujpav
1030 4287 1122 4339 neque
1141 4263 1321 4340 κακοφρασὴς

148 4359 259 4414 fuisset.
296 4360 364 4414 Her.
384 4359 407 4430 I,
427 4359 460 4412 59
480 4357 582 4429 (Stein,
599 4379 626 4430 p.
645 4358 704 4430 66):
728 4353 837 4412 Τούτων
856 4352 889 4426 δὴ
908 4353 945 4410 ὢν
964 4360 1067 4412 ἔθνεων
1085 4349 1114 4409 τὸ
1136 4357 1190 4430 μὲν
1203 4350 1321 4410 Ἀττικὸν

148 4442 335 4521 κατεχόμενον
355 4490 359 4502 .
381 4490 386 4502 .
409 4490 413 4502 .
435 4489 442 4502 .
460 4441 515 4502 ὑπὸ
536 4442 739 4522 Πεισιστράτου
757 4448 805 4502 τοῦ
824 4441 1026 4522 Ἱπποκράτους.

1145 4555 1161 4610 3
