3086 5134
686 257 727 326 31

598 350 811 358 mo·-

3 509 4 544 1
119 484 218 562 esset,
243 469 309 562 ἔπη
333 483 501 544 mutatum
524 483 576 541 est
598 476 636 542 in
659 467 751 549 ἔπος.
785 474 853 541 Sed
876 475 1108 559 concedamus,
1131 483 1170 539 ut
1192 471 1288 558 μῆνιν

118 615 180 680 pro
203 593 330 676 μοῖραν,
355 594 438 658 item
462 584 544 666 ἔπος
568 583 683 653 αἰόλον.
704 613 765 678 pro
789 582 854 675 ἔπη
879 583 1018 672 αἱμύλου
1041 590 1126 656 falso
1150 614 1169 655 a
1192 591 1288 656 Plut*

118 709 219 774 archo
254 709 404 795 positum
439 731 522 774 esse.
573 709 638 774 His
668 731 686 772 6
716 709 915 794 corruptelis
944 704 1106 792 quidnam
1130 707 1289 793 apparet?

117 825 216 890 Nihil
243 825 335 890 enim
363 825 487 909 obstat,
525 825 704 910 quominus
731 824 814 888 talia
842 823 951 888 codici
979 823 1128 887 carmina
1156 821 1289 888 Solonis

118 941 311 1006 continenti
326 940 529 1025 addicamus,
550 941 619 1005 nisi
639 939 726 1006 forte
744 963 820 1004 cum
835 940 877 1004 R.
893 939 1047 1004 Printzio
1055 933 1081 1020 1)
1097 945 1168 1003 tam
1183 938 1291 1002 multa

3 1099 4 1104 κ
116 1079 137 1120 a
162 1057 345 1122 Plutarcho
368 1057 563 1124 memoriter
586 1057 688 1122 allata
711 1077 783 1121 esse
807 1061 915 1141 putes.

227 1173 346 1257 Neque
369 1195 449 1238 vero
473 1172 509 1238 id
533 1172 576 1238 ad
598 1171 774 1237 Plutarchi
797 1170 910 1236 fontes
927 1168 1178 1256 cognoscendos
1194 1192 1289 1254 mag-

3 1293 4 1312 *
115 1310 203 1352 num
237 1286 340 1353 habet
373 1293 597 1372 momentum,
634 1288 720 1353 664
746 1287 917 1370 versibus,
953 1308 1035 1371 quos
1070 1285 1130 1350 ille
1163 1285 1289 1368 attulit,

117 1403 239 1468 decem
266 1403 402 1468 eosdem
430 1410 544 1470 extare
577 1403 667 1490 apud
694 1402 898 1487 Diogenem,
935 1402 994 1486 qui
1028 1400 1128 1466 modo
1162 1400 1291 1486 viginti

3 1513 4 1560 ἶ
116 1518 254 1584 Solonis
282 1541 400 1584 versus
427 1518 590 1584 laudavit.
636 1518 807 1584 Nimirum
836 1518 927 1582 enim
955 1516 1045 1604 apud
1069 1523 1184 1603 poetas
1207 1515 1290 1600 lyri-

3 1678 4 1696 ,
117 1656 178 1700 cos
222 1635 373 1700 omnium
412 1633 483 1700 fere
522 1641 671 1700 aetatum
711 1657 781 1700 non
819 1634 868 1699 ita
902 1635 1047 1700 multum
1084 1633 1289 1715 invenimus

117 1749 214 1835 quod
236 1749 279 1816 ad
302 1773 417 1816 eorum
439 1752 546 1818 vitam
569 1773 746 1836 moresque
770 1749 968 1837 exponenda
990 1749 1171 1836 pertineat.
1203 1749 1291 1814 Ocn-

2 1884 4 1956 1
117 1865 211 1930 feras
234 1867 339 1932 velim
364 1867 568 1952 quantillum
585 1866 751 1933 eiusmodi
767 1866 857 1953 apud
873 1865 1085 1950 Schillerum,
1102 1871 1142 1930 ut
1156 1871 1290 1932 veteres

117 1982 287 2066 omittam,
314 1989 415 2049 extet.

228 2097 301 2162 Iam
329 2121 409 2163 vero
438 2100 488 2165 a·
508 2093 693 2178 Niebuhr2)
723 2099 857 2182 Solonis
886 2097 1034 2164 carmina
1061 2120 1081 2162 a
1108 2096 1291 2167 Plutarcho

3 2245 4 2250 ¹
119 2236 140 2278 e
164 2213 330 2299 florilegio
354 2215 468 2280 nescio
490 2237 555 2299 quo
575 2215 696 2280 hausta
717 2236 800 2299 esse,
824 2213 1053 2299 colligendum
1070 2235 1142 2278 esse
1159 2213 1292 2278 censuit

2 2318 4 2350 ²
120 2351 166 2394 ex
188 2329 242 2394 his
265 2329 434 2395 versibus:

336 2453 448 2537 Αὗῑὸς
472 2458 572 2548 κῆρυξ
593 2446 699 2549 ἦλθον
722 2451 770 2548 ἀφ
795 2456 926 2549 ἱμερτῆς
949 2460 1134 2542 Σαλαμῖνος

293 2617 296 2622 ,
337 2571 471 2657 Κόσμον
494 2573 602 2640 ἐπέων
625 2569 712 2664 aiddu
735 2569 802 2640 ἄνι’
828 2569 947 2665 ἀγορῆς
969 2574 1116 2658 θέμενος.

2 2736 3 2752 ¹
118 2712 305 2780 Plutarcho
330 2720 457 2796 autem,
482 2736 547 2799 quo
572 2721 707 2778 auctore
731 2713 768 2778 hi
790 2736 908 2780 versus
932 2713 1090 2778 carminis
1115 2713 1290 2778 exordium

121 2835 230 2912 erant,
253 2827 357 2894 fidem
379 2829 569 2894 habendam
585 2852 659 2894 esse
675 2830 729 2894 vir
745 2851 895 2894 summus
912 2829 1063 2916 negavit.
1095 2830 1142 2894 Et
1162 2829 1292 2894 assensi

121 2951 204 3008 sunt
228 2943 259 3008 ei
282 2945 388 3008 Ernst
411 2944 453 3010 de
476 2945 625 3010 Leutsch
650 2943 749 3029 (l.1.),
774 2946 819 3010 Η.
843 2940 1085 3031 Begemann3),
1109 2945 1177 3010 alii.
1210 2946 1292 3010 Ete-

119 3059 196 3124 nim
219 3059 280 3124 hos
305 3081 421 3124 omnes
444 3060 536 3126 viros
562 3060 677 3126 doctos
702 3061 854 3144 offendit,
879 3060 970 3146 quod
985 3061 1089 3126 Solon
1111 3067 1150 3126 ut
1172 3082 1293 3147 praeco

120 3198 165 3240 ex
189 3174 307 3241 hostili
330 3175 500 3262 profectus
525 3182 576 3240 est
599 3177 718 3242 insula.
752 3175 855 3242 Solon
878 3183 991 3241 autem
1015 3199 1090 3241 cum
1110 3171 1292 3256 omnium4)

119 3362 335 3371 ——-—--—-

232 3502 259 3572 1)
279 3503 314 3557 R.
325 3503 421 3573 Prinz,
440 3504 484 3558 De
494 3503 606 3559 Solonis
616 3503 783 3559 Plutarchei
793 3503 931 3574 fontibus,
942 3504 1008 3560 diss.
1020 3504 1112 3559 Bonn.
1125 3503 1201 3575 1867,
1211 3523 1238 3576 p.
1250 3503 1291 3558 18.

230 3594 259 3658 2)
278 3593 311 3646 B.
332 3593 365 3648 G.
394 3592 532 3663 Niebuhr,
560 3594 703 3664 Vortrtge
730 3595 801 3648 iiber
828 3595 886 3648 alte
914 3594 1095 3663 Geschichtc,
1123 3595 1179 3649 vol.
1207 3595 1222 3647 I
1249 3593 1291 3650 ed.

120 3681 162 3736 M.
182 3681 319 3751 Niebuhr,
339 3682 436 3736 Berlin
457 3683 534 3752 1847,
553 3701 580 3754 p.
599 3683 651 3738 347
671 3701 711 3754 sq.

230 3787 258 3860 3)
278 3789 467 3856 Quaestiones
480 3789 618 3844 Soloneae
630 3807 704 3862 spec.
714 3791 730 3843 l
731 3791 753 3860 Ι,
774 3790 1109 3862 Gymnasialprogramm
1121 3789 1291 3860 Allenstein,

121 3877 310 3949 Kbnigsberg
329 3879 407 3947 1878,
426 3897 452 3948 p.
471 3879 488 3932 5
507 3896 547 3950 sq.

231 3983 258 4054 4)
277 3985 360 4052 Quod
379 3985 588 4040 Demosthenes
612 3990 675 4056 περὶ
695 3991 920 4056 παροπρεοβειίις
938 4005 964 4056 p.
984 3987 1036 4039 201
1060 3985 1134 4039 nihil
1157 3984 1191 4040 de
1218 3985 1293 4040 insa-

121 4073 189 4128 niae
208 4073 391 4128 simulatione
410 4073 535 4144 exhibet,
554 4080 587 4128 ut
600 4076 676 4146 apud
695 4081 839 4129 oratorem
851 4074 960 4128 nullius
972 4074 1112 4128 momenti
1130 4079 1181 4138 est.
1210 4075 1294 4142 Quod

3 4167 4 4206 ἶ
121 4161 254 4217 Iustinus
273 4163 311 4228 ΙΙ,
331 4165 356 4232 7,
377 4163 758 4244 11168616111616111611116
776 4163 864 4218 dixit:
890 4163 1025 4234 factoque
1044 4181 1184 4218 concursu
1202 4163 1293 4217 homi-

121 4269 206 4321 num,
236 4269 292 4321 quo
318 4252 410 4323 magis
430 4252 580 4306 consilium
606 4252 775 4320 dissimulet,
803 4252 927 4307 insolitis
948 4252 988 4306 ibi
1012 4250 1222 4320 (Refferscheid
1239 4251 1294 4306 sibi

122 4342 180 4408 ed.)
207 4341 338 4396 versibus
366 4341 485 4396 suadere
512 4342 618 4412 populo
650 4342 743 4413 coepit
771 4349 838 4412 eto,
871 4342 926 4396 hoc
953 4347 1053 4397 auctor
1080 4341 1198 4411 Iustini,
1227 4359 1292 4396 cum

121 4431 229 4487 aetatis
247 4447 316 4484 suae
334 4447 418 4486 usum
437 4431 599 4503 respiceret,
618 4431 654 4488 de
672 4449 724 4487 suc
744 4432 862 4488 addidit.
891 4431 990 4504 Neque
1009 4430 1086 4486 enirn
1098 4435 1177 4503 puto,
1197 4448 1212 4486 e
1231 4449 1293 4486 ver-
