3086 5134
805 261 848 330 32

717 355 929 364 —--—-

239 501 405 546 consensu
428 501 501 544 sese
525 479 675 544 insanire
699 480 887 565 simularet,
923 481 986 547 hoc
1021 487 1099 568 apte
1126 478 1256 566 fingere
1282 479 1409 568 potuit.

240 595 337 673 Quod
370 595 440 660 nisi
474 594 626 679 fecisset,
661 601 700 662 ut
726 604 827 683 poeta
855 603 932 683 apte
961 621 996 662 se
1019 619 1218 684 praeconem
1241 597 1409 682 finxisset,

238 734 304 796 quo
332 713 442 797 magis
470 711 735 777 Atheniensium
766 713 897 778 animos
925 713 1097 777 excitaret.
1147 714 1266 798 Neque
1290 735 1308 778 e
1331 735 1410 799 per-

238 825 354 913 paucis
378 828 538 893 carminis
562 827 765 914 fragmentis
788 834 939 914 apparet,
976 851 1042 913 quo
1069 829 1169 893 modo
1197 830 1255 895 ille
1282 829 1411 894 hocin

239 945 387 1017 camnine
420 945 495 1030 ipso
530 943 761 1030 explicaverit.
810 943 908 1020 Quod
943 967 1024 1010 vero
1051 946 1290 1030 Begemannus
1326 967 1409 1009 con-

238 1059 365 1144 tendit,
400 1059 461 1125 hos
484 1082 604 1124 versus
628 1081 705 1124 cum
729 1060 889 1124 extremis
913 1060 1117 1148 discrepare,
1154 1061 1268 1126 nescio
1291 1069 1411 1126 utrum

237 1176 276 1240 in
297 1175 422 1262 plurali
444 1175 606 1260 haeserit,
642 1197 686 1240 an
713 1176 751 1240 in
778 1175 1021 1241 adhortatione.
1067 1177 1258 1262 Utrumque
1292 1183 1411 1241 autem

237 1299 308 1357 tam
330 1291 514 1357 vehemens
542 1314 580 1356 ac
607 1297 678 1356 tam
700 1293 911 1356 luculentum
939 1314 1011 1356 esse
1039 1291 1210 1377 videatur,
1244 1298 1284 1356 111
1317 1292 1412 1357 nihil

236 1407 347 1494 magis
371 1407 530 1473 idoneum
553 1407 597 1473 ad
619 1407 884 1472 Atheniensium
907 1407 1037 1472 animos
1055 1407 1246 1473 incitandos
1262 1408 1412 1494 cogitari

236 1523 353 1610 possit.

344 1638 395 1704 Ac
429 1662 473 1704 ne
508 1645 708 1725 argumenta
743 1639 893 1724 quidem,
929 1662 1014 1725 quae
1048 1641 1155 1705 Ernst
1186 1639 1228 1704 de
1255 1639 1412 1705 Leutsch

238 1755 272 1835 (l.
292 1757 314 1820 1.
339 1779 372 1842 p.
392 1757 454 1822 136
478 1753 542 1841 sq.)
565 1756 716 1843 protulit,
741 1755 915 1841 probanda
938 1762 1026 1821 sunt.
1057 1755 1279 1821 Plutarchum
1302 1755 1410 1841 enim,

238 1871 268 1935 si
291 1872 440 1936 carmina
463 1872 538 1958 ipsa
560 1871 774 1958 inspexisset,
799 1871 841 1936 de
864 1871 980 1936 multis
1002 1871 1103 1937 rebus
1124 1872 1223 1938 aliter
1239 1871 1410 1936 iudicatu-

235 2010 311 2052 rum
334 1986 439 2052 fuisse
463 1988 649 2053 contendit.

346 2159 374 2222 1.
420 2156 640 2222 Plutarchum
674 2156 718 2238 (v.
744 2157 812 2222 Sol.
838 2179 865 2222 c.
891 2154 925 2240 3)
960 2157 1115 2224 dubitare
1149 2179 1219 2222 non
1252 2155 1410 2242 potuisse

237 2272 320 2358 quin
353 2296 470 2338 versus
505 2271 605 2358 frgm.
635 2274 708 2338 316
744 2273 892 2338 carmine
920 2272 962 2338 de
989 2273 1122 2359 legibus
1146 2273 1274 2360 sumpti
1297 2273 1410 2359 spurii

237 2395 360 2454 essent.
411 2388 523 2454 Hodie
551 2395 665 2453 autem
694 2390 723 2454 si
752 2389 858 2454 codex
886 2390 1019 2455 Solonis
1048 2389 1197 2454 carmina
1225 2389 1410 2456 continens

237 2512 381 2590 extaret,
405 2511 520 2570 tamen
543 2505 610 2568 viri
633 2505 725 2570 docti
748 2505 786 2569 in
809 2503 921 2570 medio
944 2505 1189 2591 relinquerent,
1224 2527 1343 2571 versus
1368 2505 1410 2570 in

237 2621 352 2686 codice
376 2620 499 2686 omissa
522 2627 636 2685 essent
659 2644 738 2686 casu
761 2644 804 2686 an
828 2621 995 2704 consulto,
1033 2621 1123 2706 quod
1149 2619 1258 2707 spurii
1281 2626 1409 2706 essent,

236 2737 305 2802 nisi
328 2759 369 2800 ex
393 2736 468 2800 aliis
492 2737 701 2821 argumentis
725 2747 783 2802 aut
806 2736 870 2802 hoc
893 2744 952 2802 aut
974 2737 1060 2802 illud
1081 2737 1240 2822 colligere
1255 2743 1409 2824 possent.

236 2854 385 2918 Tantum
408 2852 516 2938 igitur
539 2852 643 2936 abest,
668 2857 707 2917 ut
730 2852 898 2918 dubitatio
921 2853 1104 2918 Plutarcho
1127 2853 1304 2940 opprobrio
1328 2875 1408 2918 ver·

236 2969 340 3034 tenda
364 2969 419 3052 611,
443 2973 482 3032 ut
505 2968 538 3032 61
561 2967 654 3032 laudi
677 2968 733 3053 sit,
759 2969 848 3054 quod
871 2991 940 3034 non
954 2975 1081 3034 temere
1097 2969 1160 3034 hoc
1175 2968 1410 3054 fragmentum

236 3084 354 3150 Soloni
376 3083 594 3149 abiudicavit.

334 3256 373 3340 2.
420 3253 622 3319 Plutarchus
644 3253 800 3319 versibus
824 3254 950 3339 allatis,
979 3276 1037 3319 cur
1060 3255 1164 3321 Solon
1186 3253 1410 3340 tyrannidem

235 3369 475 3455 recusavisset,
511 3369 599 3434 dixit
633 3371 673 3450 (c.
705 3370 773 3450 17);
810 3359 889 3430 ὅθεν
917 3358 1064 3455 εὔδηλον,
1095 3359 1147 3430 ὅτι
1174 3365 1231 3431 καὶ
1255 3362 1322 3454 πρὸ
1346 3369 1409 3456 τῆς

237 3479 436 3565 νομοθεσίας
462 3477 606 3570 μεγάλην
635 3477 733 3560 δόξαν
760 3472 850 3562 εἶχεν.
889 3486 952 3551 Vir
976 3485 1094 3552 doctus
1119 3486 1298 3572 quaesivit,
1321 3509 1409 3552 num

236 3602 299 3667 hoc
322 3609 393 3668 tam
416 3603 605 3667 luculenter
627 3624 669 3666 ex
691 3601 746 3666 his
766 3601 921 3667 versibus
938 3609 1123 3689 appareret.
1157 3601 1270 3667 Certe!
1294 3624 1408 3668 ever·

236 3717 329 3783 sibus
353 3725 465 3783 autem
488 3718 552 3782 hoc
575 3717 692 3802 colligi
714 3717 916 3783 Plutarchus
939 3719 1013 3804 ipse
1035 3718 1155 3783 noluit.
1187 3718 1275 3782 Nam
1298 3724 1409 3784 totam

236 3835 496 3922 praecedentem
523 3834 753 3898 narrationem
783 3834 947 3920 respexit,
985 3839 1020 3898 et
1052 3833 1199 3919 Pythiae
1233 3833 1408 3902 oraculum

237 3957 271 4016 et
294 3949 558 4016 Atheniensium
581 3951 774 4016 voluntates
799 3956 833 4015 61
855 3948 1074 4036 tyrannidem
1098 3949 1255 4016 oblatam.

235 4250 314 4306 sibus
332 4250 476 4306 insaniam
494 4249 607 4306 Solonis
625 4249 724 4306 fictam
747 4267 817 4308 esse.
856 4250 914 4306 Cur
939 4255 1036 4304 autem
1053 4249 1092 4304 M.
1111 4249 1256 4320 Duncker,
1278 4249 1297 4304 l.
1315 4249 1333 4304 l.
1353 4250 1409 4322 VI,

235 4359 262 4410 p.
275 4341 327 4394 144
339 4345 368 4394 et
382 4339 419 4396 ib.
433 4346 541 4406 annot,
555 4340 604 4411 qui
617 4346 695 4396 recte
707 4359 766 4396 non
779 4340 932 4410 dubitavit,
951 4339 1020 4410 quin
1032 4357 1133 4395 versus
1145 4357 1177 4394 re
1189 4357 1258 4394 vera
1270 4358 1287 4394 a
1300 4339 1409 4397 Solone

236 4428 435 4502 recitarentur,
454 4430 515 4486 eius
535 4430 691 4488 amentiam
710 4436 808 4502 aperte
827 4429 927 4486 fictam
941 4446 1007 4484 esse
1026 4428 1213 4499 contenderit,
1232 4446 1291 4484 non
1309 4427 1407 4488 video.

1533 4831 1536 5000 l
