3086 5134
833 335 875 399 26

265 569 312 614 v.:
347 549 461 634 Δῆμος
489 539 616 634 ἀιδρείῃ
646 541 842 636 δουλοσύνην
872 542 988 613 ἔπεσεν
1017 549 1212 616 addicamus
1241 573 1284 616 an
1311 574 1332 616 a
1354 551 1431 616 Plu·
1529 559 1530 636 ᾖ

265 665 381 730 tarcho
404 687 522 730 versus
545 667 633 731 male
652 667 850 732 coniunctos
868 690 940 732 esse
956 673 1154 732 statuamus.
1187 668 1431 751 Cunctantem,
1529 643 1530 660 ¹

265 803 325 846 cur
351 782 554 846 Plutarchus
582 783 688 847 altero
712 784 784 848 loco
815 783 859 863 (v.
885 783 952 849 sol.
978 807 1004 848 ο.
1030 781 1065 866 2)
1089 772 1159 844 ἀλλ’
1185 775 1324 866 ἑτέρωθι
1349 777 1433 864 λέγει

266 896 400 981 dixerit,
427 920 502 962 cum
527 921 545 962 e
566 897 711 963 diversis
728 899 934 966 carminibus
951 900 1138 984 complures
1155 921 1273 964 versus
1289 899 1431 983 afferret,

265 1015 370 1079 altero
406 1013 567 1098 omiserit,
603 1014 663 1080 vix
698 1015 854 1100 intellegi
887 1021 1010 1102 potest.
1063 1015 1130 1082 Sed
1165 1015 1209 1080 ad
1241 1016 1329 1081 hanc
1363 1038 1434 1081 rem

266 1129 520 1194 diiudicandam
543 1153 705 1216 magnum
728 1131 813 1197 illud
836 1139 1045 1196 momentum
1068 1131 1180 1217 habet,
1206 1132 1294 1217 quod
1314 1138 1435 1218 poetae

266 1245 409 1330 elegiaci
437 1247 605 1312 contraria
632 1269 801 1334 opponere
835 1249 958 1313 solent:
1000 1247 1161 1314 Conferas
1188 1248 1294 1314 velim
1332 1243 1434 1331 (The-

265 1384 343 1447 ogn.
368 1358 462 1444 727);

423 1485 475 1557 Ἐν
498 1490 534 1556 δὲ
557 1493 675 1579 τοιῷδε
699 1492 781 1579 γένει
804 1489 942 1583 χρήματ’
967 1486 1102 1582 ἄριστον
1124 1489 1206 1575 ἔχειν

426 1605 467 1672 Εἰ
489 1607 549 1690 μέν
572 1604 632 1696 γαρ
656 1610 821 1688 πλουτεῖς,
846 1607 969 1674 πολλοὶ
993 1607 1096 1698 φίλοι,
1122 1602 1160 1699 ἢν
1183 1607 1219 1673 δὲ
1242 1605 1364 1698 πένηαι

424 1727 563 1812 Παῦροι,
588 1717 712 1789 coll-aar
736 1719 824 1807 ὁμῶς
848 1718 947 1803 αὐτὸς
970 1719 1050 1814 ἀνὴρ
1075 1718 1214 1810 ἀγαθός.

265 1860 308 1926 cf.
326 1861 400 1926 219.
429 1849 526 1924 Οἶνον
548 1881 600 1922 τοι
625 1854 734 1922 πίνειν
756 1855 883 1923 πουλδν
906 1854 1020 1924 τακδν·
1046 1852 1085 1948 ἢν
1109 1857 1145 1923 δέ
1168 1883 1219 1937 τις
1242 1852 1348 1940 αὐτὸν,

424 1971 512 2062 Πένῃ
537 1971 773 2056 ἐπισταμένους,
799 1967 835 2039 οὐ
859 1970 960 2052 κακὸς
983 1968 1054 2040 ἀλλ’
1080 1968 1219 2060 ἀγαθός.

304 2113 399 2178 1355.
416 2099 482 2172 Ἢν
504 2106 563 2190 μέν
586 2103 646 2196 γὰρ
670 2105 793 2196 τελέσῃ,
819 2104 915 2193 γλυνδ
940 2105 1072 2194 γίνεται,
1098 2101 1137 2198 ἢν
1161 2107 1196 2174 δὲ
1220 2103 1349 2172 διιέκιον

426 2220 487 2313 Μὴ
511 2222 635 2312 τελέσῃ,
660 2219 795 2288 πάντων
817 2227 905 2289 τοῦτ’
931 2217 1154 2314 ἀνιηρότατον.

324 2362 399 2426 845.
425 2343 470 2421 El
492 2355 552 2440 μὲν
574 2354 721 2440 κείμενον
745 2349 846 2445 δένδρα
869 2361 978 2436 κακῶς
1003 2357 1103 2441 θέμεν
1127 2352 1262 2447 εὐμαρές
1286 2357 1375 2422 ἐστιν

427 2458 472 2537 Εὖ
495 2471 530 2537 δὲ
554 2471 656 2556 θέμεν
679 2469 717 2538 τδ
741 2477 851 2552 κακῶς
873 2469 1019 2556 κείμενον
1043 2467 1209 2562 ἆργοὶλεον.

373 2628 424 2695 Ac
466 2629 571 2696 simili
615 2629 713 2695 modo
752 2630 907 2716 opposita
946 2630 1108 2716 leguntur
1153 2630 1243 2716 apud
1289 2629 1439 2696 eundem

222 2734 226 2742 ’
264 2766 297 2811 v.
326 2746 399 2832 162,
424 2746 480 2831 64;
512 2747 708 2830 197-2003
739 2747 814 2831 797,
839 2746 895 2829 98,
928 2747 1003 2831 929,
1028 2747 1084 2831 30;
1108 2747 1185 2831 895,
1209 2747 1262 2812 96.
1310 2745 1440 2812 Confer

267 2861 371 2928 etiam
394 2863 520 2928 Gallini
543 2862 643 2949 frgm.
672 2864 688 2928 1
714 2885 746 2928 v.
773 2863 824 2946 16,
851 2863 902 2928 17.
935 2863 1010 2927 Ηοο
1031 2868 1144 2928 autem
1160 2861 1260 2928 modo
1278 2863 1440 2928 Solonem

267 2976 393 3043 dixisse
427 2985 518 3065 puto.
570 2979 620 3045 Ut
654 3001 745 3044 mare
779 2978 893 3044 ventis
928 2978 1137 3064 agitantibus
1172 2979 1341 3063 turbatur,
1377 2978 1440 3043 sed

265 3093 518 3158 remittentibus
541 3093 727 3179 placidum,
763 3095 812 3158 ita
839 3095 1030 3182 respublica
1056 3094 1099 3159 ad
1127 3115 1296 3159 summum
1323 3117 1441 3158 rerum

266 3207 449 3274 discrimen
473 3208 666 3294 adducitur,
703 3209 731 3274 si
758 3210 913 3275 homines
940 3211 1150 3297 potentiores
1179 3211 1346 3294 existunt;
1382 3210 1440 3275 his

266 3331 380 3390 autem
395 3325 592 3390 absentibus
610 3325 724 3410 quiete
741 3325 866 3390 fruitur
883 3334 984 3412 atque
1000 3327 1079 3392 ctio.
1108 3325 1141 3391 A
1156 3325 1306 3391 Diodoro
1323 3332 1441 3390 autem

266 3463 385 3505 versus
409 3441 550 3506 omissos
575 3463 647 3506 esse
670 3441 760 3505 nihil
781 3463 901 3507 moror.
934 3443 969 3507 Is
994 3441 1139 3528 quidem,
1166 3447 1205 3506 ut
1228 3464 1330 3527 supra
1353 3439 1439 3526 dixi,

265 3563 343 3643 post
357 3579 444 3622 vers.
462 3558 482 3620 5
499 3557 598 3640 frgm.
616 3558 637 3622 9
660 3564 912 3643 pentametrum
935 3565 970 3622 et
989 3559 1223 3624 hexametrum
1245 3557 1442 3643 neglexerit

265 3695 403 3738 necesse
420 3679 481 3738 est.
509 3672 560 3736 Ac
577 3672 607 3736 si
622 3672 705 3738 haec
721 3679 813 3738 recte
831 3673 1004 3759 disputata
1023 3681 1113 3758 sunt,
1138 3672 1229 3760 apud
1244 3673 1443 3759 Diogenem

267 3794 301 3852 et
315 3787 503 3853 Diodorum
518 3811 636 3854 versus
650 3778 704 3863 Ἐξ
719 3779 846 3867 ἀνέμων
861 3810 890 3850 κ.
905 3811 933 3850 τ.
947 3785 975 3850 λ.
993 3791 1077 3855 item
1094 3789 1260 3855 excidisse
1284 3795 1440 3876 apparet.

266 3904 340 3968 Hac
369 3909 482 3968 autem
509 3904 642 3968 ratione
671 3905 861 3970 sententiae
889 3905 979 3970 inter
1003 3928 1038 3970 se
1062 3906 1251 3992 excipiunt:
1282 3905 1355 3983 Qua
1378 3929 1443 3970 ne-

267 4019 425 4084 cessitate
449 4026 484 4086 et
507 4043 525 4084 e
548 4021 691 4086 nubium
715 4022 873 4106 congerie
896 4022 949 4086 vis
973 4021 1091 4087 imbris
1119 4027 1221 4106 atque
1243 4021 1336 4086 nivis
1360 4027 1396 4086 et
1423 4045 1444 4086 e

267 4134 467 4202 fulminibus
502 4138 650 4203 tonitrus
686 4138 854 4220 oriuntur,
890 4159 956 4222 qua
983 4157 1064 4201 vero
1091 4138 1294 4202 necessitate
1322 4139 1444 4203 ventis

266 4252 482 4318 turbantibus
506 4277 599 4320 mare
623 4255 805 4342 impotem,
842 4251 902 4317 sed
931 4252 1129 4318 cadentibus
1153 4253 1337 4337 placidum,
1375 4253 1446 4319 hac

268 4368 385 4433 eadem
408 4370 613 4456 reipublicae
636 4370 777 4435 libertas
806 4369 940 4453 interit,
977 4369 1007 4432 si
1040 4367 1194 4434 homines
1229 4369 1446 4454 potentiores

268 4484 429 4569 existunt,
454 4487 629 4571 (servatur,
651 4485 680 4550 si
696 4482 888 4568 tolluntur).
922 4483 1053 4550 Eodem
1069 4483 1177 4570 igitur
1193 4483 1345 4568 consili0,
1371 4507 1447 4570 quo
