3086 5134
782 257 824 327 18

692 349 905 359 m——ae

215 484 323 544 erunt.
354 475 408 560 (91.
433 476 564 543 Libror.
589 483 788 563 argumenta
815 475 914 563 frgm.
939 473 1156 543 XIII—-XV
1178 477 1244 542 vol.
1267 474 1303 540 II
1331 473 1384 542 ed.
1454 549 1457 554 ¹

213 595 304 680 Dp.
322 589 500 675 XLVIII.)
536 593 588 658 Ao
613 615 688 656 cum
712 593 754 656 de
778 593 925 678 eorporis
948 592 1079 659 viribus
1104 598 1138 657 et
1167 592 1279 678 specie
1302 592 1385 657 Dio·

186 724 188 730 ’
215 709 316 774 dorus
350 709 414 774 hoc
449 710 521 774 1999
556 708 757 773 disseruisse
791 707 961 792 videatur,
998 708 1081 773 haec
1112 708 1155 772 ad
1183 707 1382 772 Oleobulum

215 831 366 911 spectare
390 824 519 911 opinor.
562 825 664 888 Hunc
692 823 784 888 enim
807 815 900 908 ρώμῃ
924 817 981 884 acl
1008 815 1121 884 κάλλει
1147 823 1268 889 9919119
1288 845 1385 910 prae·

217 941 347 1005 stitisse
371 963 389 1004 9
412 941 568 1026 Diogene
592 947 740 1026 apparet.
767 941 806 1024 (1,
830 936 899 1022 89.)
929 938 1097 1006 Diodorus
1120 939 1228 1025 igitur
1249 937 1387 1003 videtur

215 1056 424 1142 exposuisse,
460 1056 660 1121 Cleobulum
694 1077 763 1120 non
797 1055 909 1120 minus
946 1056 1096 1142 corporis
1126 1077 1225 1141 quam
1253 1054 1387 1140 ingenii

214 1171 424 1258 praestantia
450 1172 613 1237 floruisse.
660 1170 779 1237 Altera
808 1169 900 1235 enim
924 1171 1055 1236 sublata
1078 1171 1219 1235 alteram
1242 1171 1274 1235 91
1297 1169 1387 1235 nihil

214 1287 425 1374 profuturam
450 1287 564 1352 fuisse.
612 1287 687 1352 Hoc
716 1293 829 1352 autem
854 1308 872 1351 e
895 1285 1034 1354 Milonis
1064 1292 1099 1352 et
1128 1287 1387 1372 Pulydamantis

215 1404 309 1468 exitu
333 1404 490 1489 intellegi
513 1425 621 1490 posse.

321 1518 369 1584 At
392 1519 558 1585 Klueberi
581 1519 747 1584 rationem
770 1539 840 1582 non
863 1515 1052 1584 habuimus.
1085 1519 1201 1584 Certe!
1227 1515 1286 1584 sed
1307 1540 1386 1583 con-

216 1635 304 1699 sulto
327 1635 399 1699 cius
423 1627 624 1722 argumenta
646 1633 860 1726 reliquimus²
893 1633 982 1719 quod
1005 1634 1078 1720 ipse
1101 1635 1190 1699 nihil
1213 1634 1305 1699 aliud
1328 1633 1386 1698 de·

214 1750 419 1816 monstravit
445 1772 555 1836 neque
581 1751 695 1838 potuit
725 1750 954 1815 demonstrare
983 1750 1052 1814 11191
1084 1751 1167 1816 haec
1194 1751 1388 1835 fragmenta

216 1888 292 1930 cum
315 1865 453 1952 Ephoro
477 1888 547 1932 non
571 1866 772 1954 discrepare.
808 1867 882 1930 Hoc
903 1865 1066 1930 nimirum
1086 1865 1161 1931 fieri
1176 1890 1246 1932 non
1261 1857 1386 1954 991911,

216 1981 489 2066 quandoquidem
518 1982 560 2046 de
588 1983 641 2048 his
669 1983 769 2048 rebus
792 1982 881 2046 nihil
904 2003 946 2046 ex
970 1981 1042 2046 eius
1066 1982 1218 2048 historiis
1241 1988 1388 2047 aetatem

215 2097 306 2162 tulit.
337 2097 386 2162 At
408 2098 497 2162 nihil
520 2099 739 2183 consequitur
762 2097 937 2163 eDiodori
962 2105 995 2162 91
1018 2099 1185 2184 Diogenis
1209 2104 1386 2164 concentu

213 2201 483 2296 Ἀποφθέγματα
507 2213 598 2278 9111111
623 2214 741 2280 eadem
756 2215 827 2278 sint
841 2235 980 2277 necesse
998 2219 1059 2277 est.
1088 2213 1256 2279 Diodorus
1273 2219 1387 2278 autem

215 2351 284 2392 non
308 2328 416 2413 magis
440 2329 477 2392 in
507 2329 555 2394 eis
589 2352 673 2415 quae
703 2329 887 2414 enarravit,
924 2351 1025 2414 quam
1060 2351 1146 2416 quae
1181 2330 1296 2395 omisit
1330 2331 1387 2396 vel

216 2444 280 2534 alio
303 2445 375 2509 loco
399 2445 546 2528 rettulit,
576 2445 703 2531 optime
732 2467 809 2510 cum
833 2445 969 2510 Laertio
999 2446 1166 2532 congruit.
1218 2445 1269 2511 Ac
1302 2452 1387 2510 tem-

214 2581 335 2646 porum
358 2568 538 2645 utrumque
562 2561 729 2626 rationem
753 2584 821 2626 non
844 2561 1002 2627 habuisse
1018 2583 1118 2625 nemo
1134 2561 1284 2648 negabit.
1319 2561 1388 2626 Cur

215 2675 324 2760 igitur
346 2675 515 2742 Diodorus
540 2675 702 2760 fabulam,
729 2700 795 2762 qua
818 2678 981 2742 Croesum
1003 2677 1157 2742 Pittacus
1182 2677 1224 2744 ab
1248 2677 1387 2764 expedi-

214 2791 309 2856 tione
333 2799 450 2857 contra
473 2792 647 2857 insulanos
670 2799 788 2880 parata
812 2791 986 2877 deterruit,
1009 2793 1186 2880 praeteriit
1206 2793 1243 2858 in
1258 2793 1387 2858 Pittaci

214 2909 270 2972 vel
286 2907 421 2972 Biantis
437 2908 519 2973 vita.
552 2909 683 2994 Nempe
704 2907 768 2974 hoc
784 2909 856 2972 loco
873 2908 914 2972 de
932 2908 1051 2974 Croesi
1067 2908 1201 2974 divitiis
1217 2931 1237 2972 a
1251 2909 1387 2974 Pittaco

214 3024 377 3088 recusatis
395 3025 561 3110 exposuit.
593 3024 766 3110 Diogenes
789 3045 888 3110 porro
912 3024 1033 3109 quidni
1056 3012 1265 3108 ἀπόφθεγμα
1290 3017 1386 3106 περὶ-

215 3129 311 3211 ξύλου
335 3132 493 3200 ποικίλου
524 3140 728 3225 interposuit
755 3139 894 3224 fabulis,
931 3140 1055 3225 quippe
1091 3161 1174 3225 quas
1203 3139 1321 3204 eadem
1349 3139 1387 3204 in

215 3255 316 3339 serie,
351 3278 389 3320 ac
423 3255 591 3320 Diodorus
626 3255 807 3320 rettulerit.
854 3255 948 3320 Haec
976 3255 1090 3320 omnia
1116 3278 1199 3320 num
1227 3277 1306 3320 casu
1329 3255 1387 3320 vel

215 3379 388 3435 auctorum
411 3371 551 3436 licentia
575 3371 623 3435 sic
645 3372 831 3457 composita
855 3393 927 3436 esse
950 3370 1137 3436 verisimile
1154 3370 1227 3436 est?
1259 3369 1328 3436 Sed
1344 3370 1387 3435 de

215 3485 279 3550 hoe
303 3493 469 3551 concentu
492 3487 585 3552 alias.

321 3603 466 3666 Ineunte
501 3601 587 3666 libro
623 3624 707 3687 quae
734 3603 909 3686 leguntur,
944 3603 981 3667 in
1009 3625 1077 3668 una
1105 3626 1142 3668 19
1165 3602 1224 3666 1119
1248 3602 1386 3688 quidem

216 3738 292 3782 cum
314 3717 480 3803 Diogenis
509 3718 702 3782 narratione
733 3719 937 3806 conspirant.
992 3717 1133 3783 Etenim
1168 3717 1209 3783 ab
1243 3723 1385 3802 utroque

216 3831 319 3898 Solon
344 3833 548 3898 Salaminius
572 3834 768 3919 appellatur.
814 3833 941 3898 Contra
963 3833 1166 3898 Plutarchus
1189 3833 1227 3898 in
1251 3833 1384 3898 Solonis

215 3948 288 4012 vita
311 3948 544 4036 despingenda
566 3948 654 4012 nihil
678 3949 720 4012 de
742 3949 805 4014 hoc
829 3949 901 4013 eius
926 3956 1002 4015 ortu
1025 3950 1176 4015 tradidit.
1215 3948 1283 4013 Sed
1307 3971 1384 4013 con·

215 4063 361 4128 feramus
385 4065 550 4148 Diogenis
580 4063 622 4128 de
652 4063 712 4129 1119
741 4064 971 4129 narrationem
1006 4087 1082 4129 cum
1116 4063 1259 4129 Diodori
1294 4063 1383 4149 frag-

214 4180 349 4245 mentis.
396 4181 458 4244 Ille
481 4186 559 4266 post
582 4179 676 4266 leges
700 4181 835 4244 exiliter
859 4181 1042 4266 explicatas
1064 4185 1171 4245 totam
1187 4181 1259 4244 eius
1276 4181 1384 4244 vitam

214 4317 320 4380 usque
347 4296 390 4360 ad
416 4296 589 4362 Pisistrati
612 4295 831 4381 tyrannidem
855 4303 890 4360 91
914 4295 1047 4362 Solonis
1071 4293 1189 4382 lugam
1211 4295 1382 4382 perduxit.

216 4411 308 4492 Quae
344 4419 545 4497 sequuntur,
581 4413 691 4498 magis
727 4413 785 4476 illa
822 4411 958 4497 quidem
990 4411 1032 4476 ad
1060 4412 1248 4498 sapientem
1272 4411 1385 4498 ipsum
