3086 5134
192 527 311 612 seruit3
336 550 478 614 quorum
505 534 646 616 uterque
669 527 893 594 Periandrum
901 521 926 610 1)
953 526 1016 592 hoo
1041 527 1226 614 sapientiae
1249 525 1357 612 gradu

191 643 356 710 iudicavit
380 644 569 730 indignum.
609 645 656 710 Et
672 650 744 710 erat
766 647 940 732 proprium
955 643 1109 709 Platonis
1133 643 1254 708 aetatis
1279 664 1356 708 con·

191 759 310 846 fugere
345 767 403 828 aut
430 760 473 826 ad
500 761 733 846 integritatem
761 762 974 848 populorum,
1000 760 1059 846 qui
1081 759 1123 826 ab
1147 759 1240 824 omni
1264 759 1357 825 cultu

191 875 354 962 civilique
377 877 601 944 abhorrebant
623 883 682 944 aut
705 877 747 943 ad
771 877 1025 964 simplicitatem
1049 897 1172 960 eorum,
1198 874 1257 961 qui
1279 897 1357 940 rura

192 991 356 1059 colebant.

297 1108 349 1175 Ac
372 1109 601 1195 fragmentum
619 1109 756 1196 quidem
772 1111 792 1175 2
808 1116 842 1176 et
858 1109 977 1195 fragm.
996 1110 1048 1194 26,
1067 1109 1109 1174 27
1127 1115 1161 1174 et
1177 1107 1253 1193 32‚4
1269 1107 1359 1172 inter

191 1247 227 1290 se
250 1223 349 1290 valde
372 1225 563 1314 discrepare
586 1249 688 1314 supra
710 1225 991 1292 demonstrabam.
1038 1224 1087 1291 At
1109 1225 1209 1290 huius
1234 1223 1358 1288 discre-

190 1341 328 1430 pantiae
363 1342 454 1408 idem
477 1342 633 1429 Ephorus
668 1349 784 1408 auctor
812 1365 884 1408 esse
912 1343 1033 1430 potuit.
1079 1342 1172 1408 Duas
1195 1340 1358 1405 nimirum

191 1457 233 1522 de
257 1457 373 1524 eadem
406 1481 443 1524 re
477 1459 618 1546 protulit
651 1460 871 1544 narrationes,
907 1459 1002 1526 velut
1035 1457 1204 1524 Diodorus
1238 1456 1352 1544 plures

191 1575 325 1641 rettulit
363 1574 404 1640 de
443 1575 576 1662 tripode
615 1575 754 1642 fabulas.
813 1575 968 1642 Diversis
1007 1581 1120 1640 autem
1160 1573 1240 1639 libri
1273 1571 1356 1638 locis

192 1699 327 1758 exarata
361 1697 441 1756 sunt
478 1690 683 1778 fragmenta,
723 1715 864 1779 quorum
898 1693 1057 1776 alterum,
1100 1689 1129 1755 si
1164 1712 1233 1758 non
1267 1688 1358 1754 tollit

191 1808 348 1892 alterum,
385 1814 420 1873 at
454 1807 561 1874 efficit
595 1831 891 1896 supervacaneum.
949 1807 1001 1874 Ao
1039 1807 1128 1872 nihil
1161 1813 1225 1890 est,
1268 1803 1357 1891 quod

190 1922 329 2010 Ephoro
363 1924 448 1990 tales
484 1925 728 1991 substituamus
762 1925 919 2011 ineptias.
979 1925 1252 1989 Consentaneum
1276 1942 1356 2008 ergo

191 2046 253 2123 est,
288 2037 518 2126 fragmentum
549 2041 569 2106 2
597 2064 616 2106 a
650 2041 799 2108 Diodoro
835 2040 876 2106 de
912 2041 978 2107 alio
1013 2039 1249 2127 depromptum
1284 2060 1357 2104 esse

190 2161 335 2242 auctore,
360 2178 397 2222 ac
420 2155 460 2222 fr.
486 2157 594 2242 2728.

296 2272 511 2338 Conventum
528 2273 664 2359 quidem
681 2272 770 2362 apud
786 2273 948 2339 Croesum
963 2271 1128 2356 habitum,
1149 2277 1189 2336 ut
1211 2270 1355 2356 legimus

189 2387 227 2452 in
251 2383 270 2472 ᾗ
294 2389 351 2472 26;
376 2389 418 2453 27
443 2387 624 2454 manifesta
658 2411 738 2477 prae
774 2413 809 2455 se
838 2389 926 2455 ferre
949 2388 1080 2476 Ephori
1108 2387 1255 2473 vestigia
1279 2409 1356 2452 oum

189 2504 255 2570 alia
278 2503 488 2589 documenta,
524 2510 597 2570 tum
620 2503 863 2571 Anacharsidis
894 2505 1062 2594 sapientia
1085 2506 1122 2570 in
1145 2505 1199 2570 his
1222 2503 1355 2591 praedi-

188 2626 264 2686 cata
287 2620 519 2686 demonstrant
543 2620 597 2702 (of.
622 2644 722 2708 supra
744 2646 777 2709 p.
794 2619 838 2706 5).
884 2623 959 2688 Hac
982 2629 1095 2688 autem
1119 2621 1156 2686 in
1179 2627 1274 2708 parte
1298 2618 1355 2685 de-

189 2736 375 2802 sideramus
400 2738 489 2804 talia.
538 2737 606 2804 Sed
628 2744 744 2804 tamen
766 2739 808 2804 R.
825 2739 977 2804 Klueber
1000 2737 1193 2824 fragmenta
1216 2736 1251 2820 5;
1277 2736 1313 2818 63
1336 2735 1354 2800 7

188 2853 364 2938 Ephorum
380 2853 547 2940 respicere
564 2853 720 2940 opinatus
738 2860 772 2920 et
791 2855 833 2920 ab
856 2855 919 2920 hoc
943 2861 977 2920 et
1000 2877 1019 2919 a
1034 2854 1184 2920 Diodore
1200 2850 1354 2937 Mysonis

189 2967 281 3034 illius
305 2968 451 3055 quidem,
475 2969 533 3056 qui
557 2970 594 3034 in
617 2969 671 3034 his
693 2971 833 3036 summis
856 2971 1012 3037 laudibus
1037 2971 1184 3052 effertur,
1210 2965 1353 3034 mentio-

188 3106 267 3149 nem
290 3083 413 3152 factam
437 3108 509 3151 esse
527 3085 586 3152 sed
609 3086 700 3152 hunc
723 3087 764 3153 ab
781 3093 921 3172 utroque
946 3087 983 3152 in
999 3093 1129 3174 septem
1154 3085 1354 3170 Sapientem

188 3222 328 3266 numero
362 3200 516 3268 habitum
550 3224 619 3268 non
654 3224 727 3268 esse
766 3203 910 3288 putavit.
971 3202 1069 3280 Quod
1103 3201 1146 3268 ad
1179 3200 1354 3287 Ephorum

188 3315 321 3400 attinet,
357 3316 420 3381 hoc
444 3339 463 3382 e
485 3317 650 3402 Diogenis
685 3318 881 3384 testimonio
910 3341 1011 3406 supra
1034 3319 1135 3384 allato
1159 3315 1271 3381 lucide
1294 3337 1352 3401 ap·

188 3427 326 3518 paret2).
367 3433 396 3498 E
418 3432 560 3498 Diodori
583 3439 696 3499 autem
720 3433 921 3520 fragmentis
945 3434 1044 3500 modo
1068 3434 1132 3499 hoc
1156 3432 1272 3518 colligi
1294 3453 1354 3518 po-

296 3660 322 3732 1)
341 3661 415 3716 Sunt
441 3660 489 3732 qui
515 3667 619 3734 putent
646 3662 758 3733 (Zellen
787 3661 972 3736 Philosophia
1000 3663 1050 3718 der
1078 3661 1229 3730 Griechen‚
1257 3680 1284 3733 p.
1309 3661 1353 3729 91)

188 3749 379 3806 Periandrum
402 3750 478 3822 apud
501 3751 692 3808 Plutarchum
716 3770 827 3824 quoque
851 3753 881 3808 in
907 3751 1039 3808 convivio
1058 3757 1168 3822 septem
1187 3750 1354 3822 Sapientum

187 3838 233 3892 his
252 3838 441 3894 adnumerari.
478 3840 564 3911 Apud
583 3841 660 3896 huno
679 3847 777 3897 autem
795 3848 938 3913 tyrannus
957 3841 1042 3896 modo
1062 3839 1187 3898 convivii
1204 3845 1286 3912 pater
1302 3843 1353 3908 est,

187 3943 279 3998 neque
297 3933 407 4000 septem
425 3927 607 4000 Sapientibus
626 3937 810 4002 aggregatur.
847 3931 942 3987 Huius
966 3930 1042 3986 enim
1065 3932 1159 3986 locum
1178 3929 1354 3985 Anacharsis

188 4016 346 4072 obtinuisse
369 4017 509 4072 videatur.
555 4020 619 4074 Hoc
638 4037 673 4074 ex
693 4019 733 4074 eis
751 4019 934 4092 potissimum
952 4020 1022 4076 locis
1041 4019 1223 4092 perspicitur,
1252 4019 1354 4090 quibus

188 4105 332 4178 sapientes
360 4106 491 4179 deinceps
519 4107 612 4162 facete
640 4108 716 4164 dicta
743 4109 901 4180 proferunt.
949 4109 1008 4166 Ofr.
1029 4128 1052 4164 c.
1072 4111 1087 4164 7
1108 4128 1133 4181 p.
1155 4109 1205 4164 151
1224 4108 1257 4178 Ε,
1277 4127 1299 4164 c.
1321 4109 1353 4164 11

188 4215 215 4268 p.
236 4196 287 4250 154
305 4195 390 4250 E—-E
409 4200 437 4250 et
456 4215 478 4252 c.
501 4197 533 4250 12
552 4215 578 4268 p.
600 4199 650 4250 155
669 4197 703 4254 A.
723 4198 755 4252 B.
775 4216 815 4270 sq.

295 4301 323 4372 2)
343 4303 422 4358 Haec
441 4308 537 4358 autem
556 4309 625 4358 sunt
645 4304 731 4358 huius
750 4305 838 4360 verba
852 4303 887 4376 (1,
900 4304 961 4375 41):
982 4299 1098 4358 Πλάτων
1111 4304 1168 4358 δ’ἐν
1182 4298 1354 4376 Πρωταγόρᾳ

189 4383 315 4444 Μύσωνα
337 4385 395 4444 ἀντὶ
417 4385 603 4464 Περιάνδρου·
621 4383 758 4464 ’Ἑφρορος
778 4393 807 4447 di
829 4387 888 4447 ἀντὶ
909 4387 1048 4454 Μύσωνος
1063 4389 1233 4466 Ἀνάχαρσιν.
1265 4395 1354 4450 Klue-

189 4479 273 4536 berhs
296 4499 361 4538 cum
384 4481 499 4538 infirma
522 4499 583 4538 esse
601 4482 792 4554 perspexisset
811 4501 863 4538 sua
881 4489 1062 4554 argumenta,
1081 4485 1239 4556 Diogenem
1259 4501 1355 4540 errore
