3086 5134
703 283 745 346 39

621 371 833 382 a———u—-n

247 499 366 586 Neque
390 492 612 583 (1110010111)
636 497 694 583 qui
717 497 863 564 testibus
887 496 998 562 allatis
1019 496 1176 564 Solonem
1199 495 1236 561 in
1260 496 1312 561 in-

129 614 210 679 sula
223 621 346 679 natum
363 637 436 680 esse
452 614 706 680 contenderent.
735 613 964 678 Athenienses
980 619 1094 679 autem
1106 612 1312 698 temporibus

129 730 217 815 illis,
245 730 367 816 quibus
391 729 495 796 Solon
518 736 618 796 natus
643 736 704 815 est,
728 730 957 816 gubernacula
979 729 1111 795 insulae
1132 729 1200 793 iam
1215 735 1312 793 tenu·

129 845 203 910 isse
229 846 562 912 veriabsimillimum
586 852 647 911 est.
694 847 812 932 Neque
837 846 929 911 enim
952 843 1035 910 satis
1059 849 1207 930 constat,
1231 867 1313 910 num

128 961 275 1026 Eleusis
299 968 372 1027 tum
395 962 433 1027 in
456 984 570 1027 eorum
593 968 761 1050 potestate
778 956 924 1045 11101112)
956 955 1061 1044 Aliil)
1082 983 1180 1047 porro
1197 961 1313 1048 inepte

130 1078 272 1165 opinati
300 1085 393 1164 111111,
425 1079 559 1144 Solonis
583 1079 625 1143 de
650 1079 822 1144 Salamine
849 1076 982 1142 meritis
1000 1076 1133 1142 factum
1157 1099 1244 1162 esse,
1272 1082 1312 1141 ut

12 1245 13 1272 ,
129 1194 250 1282 patria
274 1194 346 1260 eius
370 1195 512 1261 Salamis
536 1200 720 1281 putaretur.
767 1194 830 1258 Ille
859 1191 997 1278 quidem
1023 1215 1094 1258 non
1117 1192 1312 1259 Salaminiis

13 1349 14 1360 .
128 1309 279 1397 profuit,
305 1309 364 1374 sed
386 1305 697 1390 Atheniensibus.4)
728 1309 777 1374 At
801 1308 918 1374 eodem
942 1331 1053 1393 sensu,
1080 1330 1144 1394 quo
1165 1307 1313 1374 Romani

12 1429 13 1474 ³
130 1425 282 1492 ducibus
311 1427 438 1512 optime
467 1426 509 1491 de
536 1427 646 1511 patria
674 1425 805 1490 meritis
834 1445 1020 1510 cognomen
1049 1424 1203 1490 Creticus
1228 1423 1312 1489 Ger·

130 1542 294 1608 manicas
318 1541 453 1626 dabant,
479 1542 581 1608 Solon
605 1542 646 1608 ab
670 1540 939 1606 Atheniensibus
964 1512 1168 1606 Salaminius
1198 1540 1311 1626 appel·

130 1659 228 1723 latus
254 1665 314 1723 est.
351 1658 464 1722 Huius
488 1664 601 1723 autem
624 1680 705 1722 usus
728 1657 877 1742 vestigia
900 1656 990 1744 apud
1014 1657 1161 1722 Graecos
1185 1655 1314 1722 frustra

132 1796 291 1860 quaeres.
338 1775 456 1860 Neque
480 1773 668 1839 audiendus
693 1780 744 1839 est
766 1773 811 1839 H.
836 1773 943 1839 Flaoh
967 1770 1041 1856 (ll.
1066 1795 1097 1859 p.
1122 1773 1141 1836 I
1163 1795 1240 1838 ann.
1268 1768 1310 1858 1),

131 1891 195 1976 qui
225 1890 314 1955 hanc
343 1889 539 1976 opinionem
567 1912 608 1954 ex
637 1890 880 1978 epigrammate
915 1889 1059 1976 quodam
1098 1885 1145 1972 (v.
1170 1888 1310 1954 Anthol.

130 2007 208 2071 Pal.
223 2006 303 2090 VII,
320 2007 364 2070 86
379 2029 411 2071 v.
429 2006 448 2070 1
464 2030 496 2093 p.
515 2005 579 2071 331
598 2006 640 2072 ed
656 2002 794 2089 Jacobs)
809 2005 948 2070 fluxisse
970 2005 1155 2071 contendit.
1191 2006 1311 2071 Potuit

132 2129 254 2188 autem
277 2122 486 2209 epigramma
509 2145 527 2188 e
551 2122 803 2209 significatione
826 2121 955 2188 factum
979 2145 1061 2187 esse.

245 2237 318 2302 Iam
351 2260 432 2304 vero
462 2238 542 2303 huic
577 2238 768 2324 quaestioni
801 2239 912 2302 lucem
947 2237 1100 2303 offundet
1132 2237 1310 2302 Plutarchi

131 2354 230 2420 locus
274 2351 316 2438 (c.
350 2353 383 2434 9)
423 2341 495 2416 εἶτα
531 2345 625 2438 παρὰ
659 2353 724 2414 τῶν
761 2342 950 2440 Ἀθηναίων
984 2344 1160 2426 ἐθελοντὰς
1198 2348 1310 2433 λαβεῖν

132 2462 376 2544 πεντακοσίους
404 2460 567 2551 δόγματος
596 2462 765 2551 γενομένου
793 2461 941 2546 τούτους,
971 2457 1011 2530 lla
1038 2461 1227 2546 κατάσχωσι
1250 2460 1309 2554 τὴν

132 2585 244 2671 νῆσον,
280 2579 409 2670 κυρίους
443 2574 527 2647 εἶναι
562 2583 621 2647 τοῦ
649 2575 901 2664 πολιτεύματος.
948 2586 1023 2650 Hoc
1059 2607 1077 2649 e
1111 2585 1309 2651 testimonio

131 2701 328 2767 rectissime
355 2697 543 2786 Niebuhrfi)
571 2702 723 2786 collegit,
759 2701 930 2768 Salamina
963 2723 1138 2787 nunquam
1173 2701 1310 2768 demum

132 2907 351 2916 ——a

14 3089 15 3110 ,
247 3026 423 3099 1)Ρ1111111111
446 3027 564 3084 honoris
588 3047 674 3084 causa
703 3027 791 3084 affero
814 3028 973 3084 Meursium
998 3027 1043 3100 (de
1066 3029 1170 3084 Solone
1194 3027 1255 3085 sive
1274 3029 1310 3084 de

133 3118 198 3173 vita
209 3123 272 3172 etc.
283 3119 300 3172 l.
312 3118 358 3174 111
377 3137 420 3189 ap.
440 3119 472 3172 P.
494 3119 620 3173 Gronov.
644 3119 780 3173 Thesaur.
791 3117 860 3175 Ant.
881 3118 929 3173 Gr.
949 3120 1005 3174 vol.
1016 3120 1043 3174 V
1061 3138 1088 3190 p.
1098 3120 1169 3173 2003
1179 3119 1309 3174 Venetiis

134 3206 229 3278 1732),
249 3208 368 3280 Oonnop
388 3207 528 3262 Thirwall
546 3206 661 3278 (Gesch.
686 3207 921 3278 Griechenrands,
942 3209 1033 3263 libers.
1053 3227 1111 3263 von
1124 3208 1251 3263 Schmitz
1270 3209 1308 3264 H.

134 3315 162 3352 v.
183 3315 212 3368 p.
233 3294 288 3367 25),
316 3297 414 3368 Bergk
433 3295 494 3367 (Gr.
513 3297 780 3368 Litteraturgesch.‚
800 3297 842 3351 011.
862 3297 1001 3352 Hinrichs
1020 3297 1059 3368 ΙΙ,
1078 3295 1150 3369 264),
1170 3299 1310 3354 Pstersen

134 3383 182 3456 (de
201 3385 271 3441 hist.
291 3391 369 3457 gent.
388 3386 460 3455 1111,
479 3385 546 3441 diss.
566 3386 725 3457 Schleswig
745 3387 822 3456 1881,
842 3405 868 3458 p.
890 3386 960 3457 101).

244 3491 272 3564 2)
292 3493 328 3548 cf.
347 3493 383 3550 U.
404 3513 431 3549 v.
451 3493 874 3562 Wflamowitz-Moellendorf,
902 3493 964 3548 Aus
983 3494 1142 3565 Kydathen
1163 3495 1307 3567 Philolog.

134 3582 401 3653 Untersuchungen
420 3601 446 3637 v.
466 3583 482 3638 I
499 3603 526 3654 p.
548 3584 606 3637 124.
627 3583 687 3636 125.

244 3688 272 3760 3)
292 3689 416 3760 Bohren,
436 3690 573 3762 Beitr'age
591 3709 627 3744 zu
647 3690 749 3744 Solcns
768 3688 873 3744 chen.
899 3689 1071 3760 Philologus
1090 3692 1146 3748 vol.
1166 3693 1202 3746 30
1216 3712 1242 3764 p.
1258 3693 1308 3748 177

135 3778 235 3851 inepte
254 3796 289 3834 ex
307 3778 364 3832 illis
383 3779 461 3849 locis,
491 3779 594 3850 quibus
617 3779 704 3834 Solon
728 3778 915 3834 Atheniensis
943 3781 1093 3852 appelatus
1121 3786 1173 3852 est,
1201 3782 1309 3853 aliquid

137 3868 269 3924 evincere
288 3873 408 3923 conatus
427 3874 478 3923 est.

244 3973 273 4045 4)
292 3974 428 4028 Nicolaus
447 3975 534 4045 Bach,
561 3975 729 4031 Carminum
756 3975 868 4032 Solonis
892 3993 965 4048 quae
991 3983 1153 4048 supersunt.
1190 3979 1309 4034 Bonnae

138 4065 217 4134 1825,
236 4083 263 4135 p.
284 4065 298 4118 1
318 4082 384 4120 ann.
407 4065 430 4118 1.

246 4170 274 4238 ὃ)
293 4171 311 4224 1.
330 4172 348 4224 1.
368 4171 391 4240 Ι,
409 4189 436 4242 p.
456 4171 516 4228 344.
554 4172 593 4225 Es
611 4171 702 4226 findet
721 4171 783 4226 sich
802 4173 865 4227 eine
889 4173 1087 4245 Erwahnung,
1107 4176 1173 4230 dass
1192 4176 1245 4230 auf
1260 4176 1309 4230 Sa-

138 4260 222 4314 lamis
242 4259 305 4314 eine
323 4260 446 4314 attische
466 4260 583 4315 Oolonie
606 4279 664 4315 von
684 4262 735 4314 500
758 4260 894 4316 Attikern
919 4263 1096 4333 angesiedelt
1121 4265 1234 4336 wurde,
1263 4265 1308 4320 die

137 4343 168 4400 τό
188 4343 287 4420 κράτος
304 4348 349 4415 τῆς
367 4343 453 4415 νήσου
471 4349 580 4404 hatten.
613 4350 683 4403 Also
702 4368 764 4404 war
776 4350 898 4405 Salamis
917 4352 1072 4406 1111801011
1091 4354 1174 4408 mehr
1192 4354 1238 4408 ein
1250 4373 1308 4409 von

138 4437 238 4493 Athen
256 4437 436 4510 abhtngiger
454 4438 545 4508 Staat,
564 4439 606 4494 als
625 4439 671 4494 ein
696 4438 906 4511 integrirender
924 4440 1007 4496 Theil
1025 4441 1158 4498 Attika's.
1204 4444 1308 4500 Wahr·

14 4888 707 5104 Q
780 5115 782 5117 ,
