<?xml version="1.0" encoding="UTF-8"?>
<!DOCTYPE html PUBLIC "-//W3C//DTD XHTML 1.0 Transitional//EN"
    "http://www.w3.org/TR/xhtml1/DTD/xhtml1-transitional.dtd">
<html xmlns="http://www.w3.org/1999/xhtml" xml:lang="en" lang="en">
 <head>
  <title>
</title>
<meta http-equiv="Content-Type" content="text/html;charset=utf-8" />
  <meta name='ocr-system' content='tesseract 3.04.00' />
  <meta name='ocr-capabilities' content='ocr_page ocr_carea ocr_par ocr_line ocrx_word'/>
</head>
<body>
  <div class='ocr_page' id='page_1' title='image "adsolonisaetate01stetgoog_0011.png"; bbox 0 0 3086 5134; ppageno 0'>
   <div class='ocr_carea' id='block_1_1' title="bbox 851 277 874 346">
    <p class='ocr_par' dir='ltr' id='par_1_1' title="bbox 851 277 874 346">
     <span class='ocr_line' id='line_1_1' title="bbox 851 277 874 346; baseline 0 0"><span class='ocrx_word' id='word_1_1' title='bbox 851 277 874 346; x_wconf 90' lang='grc'>4</span> 
     </span>
    </p>
   </div>
   <div class='ocr_carea' id='block_1_2' title="bbox 755 369 966 380">
    <p class='ocr_par' dir='ltr' id='par_1_2' title="bbox 755 369 966 380">
     <span class='ocr_line' id='line_1_2' title="bbox 755 369 966 380; baseline 0.005 -2"><span class='ocrx_word' id='word_1_2' title='bbox 755 369 966 380; x_wconf 70' lang='lat'>—....—-..-...</span> 
     </span>
    </p>
   </div>
   <div class='ocr_carea' id='block_1_3' title="bbox 233 495 1446 1393">
    <p class='ocr_par' dir='ltr' id='par_1_3' title="bbox 233 495 1446 1393">
     <span class='ocr_line' id='line_1_3' title="bbox 276 495 1445 581; baseline -0.001 -19"><span class='ocrx_word' id='word_1_3' title='bbox 276 495 427 562; x_wconf 77' lang='lat' dir='ltr'>annexit.</span> <span class='ocrx_word' id='word_1_4' title='bbox 473 496 573 562; x_wconf 88' lang='lat' dir='ltr'><strong>Nunc</strong></span> <span class='ocrx_word' id='word_1_5' title='bbox 596 495 786 581; x_wconf 87' lang='lat' dir='ltr'><strong>videamus,</strong></span> <span class='ocrx_word' id='word_1_6' title='bbox 820 519 1000 581; x_wconf 82' lang='lat' dir='ltr'><strong>quemnam</strong></span> <span class='ocrx_word' id='word_1_7' title='bbox 1028 496 1086 560; x_wconf 92' lang='lat' dir='ltr'><strong>ille</strong></span> <span class='ocrx_word' id='word_1_8' title='bbox 1115 501 1250 561; x_wconf 92' lang='lat' dir='ltr'><strong>secutus</strong></span> <span class='ocrx_word' id='word_1_9' title='bbox 1274 501 1445 561; x_wconf 72' lang='lat' dir='ltr'>auctorem</span> 
     </span>
     <span class='ocr_line' id='line_1_4' title="bbox 277 611 1398 699; baseline -0.001 -22"><span class='ocrx_word' id='word_1_10' title='bbox 277 617 483 678; x_wconf 90' lang='lat' dir='ltr'><strong>conventum</strong></span> <span class='ocrx_word' id='word_1_11' title='bbox 507 612 698 698; x_wconf 90' lang='lat' dir='ltr'><strong>sapientum</strong></span> <span class='ocrx_word' id='word_1_12' title='bbox 721 612 810 699; x_wconf 91' lang='lat' dir='ltr'><strong>apud</strong></span> <span class='ocrx_word' id='word_1_13' title='bbox 835 613 996 677; x_wconf 80' lang='lat' dir='ltr'><strong>Croesum</strong></span> <span class='ocrx_word' id='word_1_14' title='bbox 1018 611 1173 677; x_wconf 90' lang='lat' dir='ltr'><strong>habitum</strong></span> <span class='ocrx_word' id='word_1_15' title='bbox 1196 612 1398 698; x_wconf 87' lang='lat' dir='ltr'><strong>exposuerit.</strong></span> 
     </span>
     <span class='ocr_line' id='line_1_5' title="bbox 382 722 1444 814; baseline -0.001 -22"><span class='ocrx_word' id='word_1_16' title='bbox 382 728 435 793; x_wconf 87' lang='lat' dir='ltr'><strong>Ac</strong></span> <span class='ocrx_word' id='word_1_17' title='bbox 470 722 659 810; x_wconf 84' lang='lat' dir='ltr'><strong>convivia¹)</strong></span> <span class='ocrx_word' id='word_1_18' title='bbox 694 728 750 792; x_wconf 90' lang='lat' dir='ltr'><strong>vel</strong></span> <span class='ocrx_word' id='word_1_19' title='bbox 785 734 972 792; x_wconf 89' lang='lat' dir='ltr'><strong>conventus</strong></span> <span class='ocrx_word' id='word_1_20' title='bbox 1002 733 1132 814; x_wconf 77' lang='lat' dir='ltr'><strong>septem</strong></span> <span class='ocrx_word' id='word_1_21' title='bbox 1160 727 1359 814; x_wconf 86' lang='lat' dir='ltr'><strong>Sapientum</strong></span> <span class='ocrx_word' id='word_1_22' title='bbox 1388 726 1444 791; x_wconf 92' lang='grc'>(16-</span> 
     </span>
     <span class='ocr_line' id='line_1_6' title="bbox 277 840 1445 930; baseline 0 -21"><span class='ocrx_word' id='word_1_23' title='bbox 277 851 412 910; x_wconf 90' lang='lat' dir='ltr'><strong>cantata</strong></span> <span class='ocrx_word' id='word_1_24' title='bbox 447 866 529 927; x_wconf 91' lang='lat' dir='ltr'><strong>esse,</strong></span> <span class='ocrx_word' id='word_1_25' title='bbox 565 865 583 907; x_wconf 91' lang='grc'>6</span> <span class='ocrx_word' id='word_1_26' title='bbox 610 843 746 908; x_wconf 73' lang='lat' dir='ltr'><strong>Laertio</strong></span> <span class='ocrx_word' id='word_1_27' title='bbox 774 844 929 929; x_wconf 85' lang='lat' dir='ltr'><strong>Diogene</strong></span> <span class='ocrx_word' id='word_1_28' title='bbox 964 841 1004 928; x_wconf 78' lang='grc' dir='ltr'><strong>(Ι,</strong></span> <span class='ocrx_word' id='word_1_29' title='bbox 1026 840 1085 927; x_wconf 90' lang='grc'><strong>40)</strong></span> <span class='ocrx_word' id='word_1_30' title='bbox 1117 843 1260 928; x_wconf 88' lang='lat' dir='ltr'><strong>aliisque</strong></span> <span class='ocrx_word' id='word_1_31' title='bbox 1295 850 1445 930; x_wconf 89' lang='lat' dir='ltr'><strong>apparet.</strong></span> 
     </span>
     <span class='ocr_line' id='line_1_7' title="bbox 275 959 1445 1045; baseline 0 -21"><span class='ocrx_word' id='word_1_32' title='bbox 275 960 346 1025; x_wconf 91' lang='lat' dir='ltr'><strong>Nos</strong></span> <span class='ocrx_word' id='word_1_33' title='bbox 383 981 514 1044; x_wconf 91' lang='lat' dir='ltr'><strong>quoque</strong></span> <span class='ocrx_word' id='word_1_34' title='bbox 549 959 742 1045; x_wconf 88' lang='lat' dir='ltr'><strong>exemplum</strong></span> <span class='ocrx_word' id='word_1_35' title='bbox 773 959 994 1025; x_wconf 90' lang='lat' dir='ltr'><strong>invenustum</strong></span> <span class='ocrx_word' id='word_1_36' title='bbox 1032 959 1118 1024; x_wconf 91' lang='lat' dir='ltr'><strong>illud</strong></span> <span class='ocrx_word' id='word_1_37' title='bbox 1152 959 1289 1044; x_wconf 86' lang='lat' dir='ltr'><strong>quidem</strong></span> <span class='ocrx_word' id='word_1_38' title='bbox 1323 966 1358 1024; x_wconf 90' lang='lat' dir='ltr'><strong>et</strong></span> <span class='ocrx_word' id='word_1_39' title='bbox 1393 959 1445 1024; x_wconf 92' lang='lat' dir='ltr'><strong>in-</strong></span> 
     </span>
     <span class='ocr_line' id='line_1_8' title="bbox 233 1073 1446 1162; baseline 0.002 -24"><span class='ocrx_word' id='word_1_40' title='bbox 233 1082 236 1088; x_wconf 90' lang='lat'>&#39;</span> <span class='ocrx_word' id='word_1_41' title='bbox 275 1073 413 1139; x_wconf 87' lang='lat' dir='ltr'><strong>ficetum</strong></span> <span class='ocrx_word' id='word_1_42' title='bbox 442 1074 618 1140; x_wconf 78' lang='lat' dir='ltr'>Plutarchi</span> <span class='ocrx_word' id='word_1_43' title='bbox 642 1074 848 1140; x_wconf 77' lang='lat' dir='ltr'><strong>Conuiuium</strong></span> <span class='ocrx_word' id='word_1_44' title='bbox 876 1082 1006 1162; x_wconf 85' lang='lat' dir='ltr'><strong>septem</strong></span> <span class='ocrx_word' id='word_1_45' title='bbox 1039 1074 1239 1160; x_wconf 81' lang='lat' dir='ltr'><strong>Sapientum</strong></span> <span class='ocrx_word' id='word_1_46' title='bbox 1273 1081 1446 1140; x_wconf 89' lang='lat' dir='ltr'><strong>servatum</strong></span> 
     </span>
     <span class='ocr_line' id='line_1_9' title="bbox 276 1189 1445 1276; baseline 0.001 -21"><span class='ocrx_word' id='word_1_47' title='bbox 276 1189 448 1256; x_wconf 89' lang='lat' dir='ltr'><strong>habemus.</strong></span> <span class='ocrx_word' id='word_1_48' title='bbox 494 1190 664 1255; x_wconf 80' lang='lat' dir='ltr'><strong>Nimirum</strong></span> <span class='ocrx_word' id='word_1_49' title='bbox 687 1189 725 1254; x_wconf 91' lang='lat' dir='ltr'><strong>in</strong></span> <span class='ocrx_word' id='word_1_50' title='bbox 748 1190 802 1254; x_wconf 92' lang='lat' dir='ltr'><strong>his</strong></span> <span class='ocrx_word' id='word_1_51' title='bbox 826 1189 994 1255; x_wconf 87' lang='lat' dir='ltr'><strong>conviviis</strong></span> <span class='ocrx_word' id='word_1_52' title='bbox 1018 1190 1199 1276; x_wconf 78' lang='lat' dir='ltr'><strong>scriptores</strong></span> <span class='ocrx_word' id='word_1_53' title='bbox 1223 1191 1306 1256; x_wconf 91' lang='lat' dir='ltr'><strong>satis</strong></span> <span class='ocrx_word' id='word_1_54' title='bbox 1328 1213 1445 1258; x_wconf 90' lang='lat' dir='ltr'><strong>recen-</strong></span> 
     </span>
     <span class='ocr_line' id='line_1_10' title="bbox 275 1304 1445 1393; baseline 0.002 -23"><span class='ocrx_word' id='word_1_55' title='bbox 275 1306 373 1371; x_wconf 90' lang='lat' dir='ltr'><strong>tioris</strong></span> <span class='ocrx_word' id='word_1_56' title='bbox 397 1306 519 1372; x_wconf 89' lang='lat' dir='ltr'><strong>aetatis</strong></span> <span class='ocrx_word' id='word_1_57' title='bbox 543 1304 585 1370; x_wconf 89' lang='lat' dir='ltr'><strong>de</strong></span> <span class='ocrx_word' id='word_1_58' title='bbox 608 1305 737 1392; x_wconf 89' lang='lat' dir='ltr'><strong>optima</strong></span> <span class='ocrx_word' id='word_1_59' title='bbox 758 1306 809 1370; x_wconf 92' lang='lat' dir='ltr'><strong>rei</strong></span> <span class='ocrx_word' id='word_1_60' title='bbox 831 1305 985 1392; x_wconf 89' lang='lat' dir='ltr'><strong>publicae</strong></span> <span class='ocrx_word' id='word_1_61' title='bbox 1008 1305 1130 1391; x_wconf 84' lang='lat' dir='ltr'><strong>forma,</strong></span> <span class='ocrx_word' id='word_1_62' title='bbox 1155 1306 1197 1371; x_wconf 90' lang='lat' dir='ltr'><strong>de</strong></span> <span class='ocrx_word' id='word_1_63' title='bbox 1219 1307 1445 1393; x_wconf 86' lang='lat' dir='ltr'><strong>religionibus</strong></span> 
     </span>
    </p>
   </div>
   <div class='ocr_carea' id='block_1_4' title="bbox 276 1420 1445 1524">
    <p class='ocr_par' dir='ltr' id='par_1_4' title="bbox 276 1420 1445 1524">
     <span class='ocr_line' id='line_1_11' title="bbox 276 1420 1445 1524; baseline 0 -38"><span class='ocrx_word' id='word_1_64' title='bbox 276 1444 315 1486; x_wconf 90' lang='lat' dir='ltr'><strong>ao</strong></span> <span class='ocrx_word' id='word_1_65' title='bbox 339 1422 433 1486; x_wconf 91' lang='lat' dir='ltr'><strong>cultu</strong></span> <span class='ocrx_word' id='word_1_66' title='bbox 457 1420 605 1524; x_wconf 81' lang='lat' dir='ltr'><strong>deorum,</strong></span> <span class='ocrx_word' id='word_1_67' title='bbox 630 1421 671 1486; x_wconf 95' lang='grc'><strong>(16</strong></span> <span class='ocrx_word' id='word_1_68' title='bbox 695 1421 828 1486; x_wconf 83' lang='lat' dir='ltr'><strong>facetiis</strong></span> <span class='ocrx_word' id='word_1_69' title='bbox 851 1443 889 1486; x_wconf 90' lang='lat' dir='ltr'><strong>ao</strong></span> <span class='ocrx_word' id='word_1_70' title='bbox 913 1421 1018 1506; x_wconf 85' lang='lat' dir='ltr'><strong>scitis,</strong></span> <span class='ocrx_word' id='word_1_71' title='bbox 1043 1421 1084 1486; x_wconf 91' lang='lat' dir='ltr'><strong>de</strong></span> <span class='ocrx_word' id='word_1_72' title='bbox 1107 1422 1261 1487; x_wconf 86' lang='lat' dir='ltr'><strong>tacendis</strong></span> <span class='ocrx_word' id='word_1_73' title='bbox 1289 1422 1445 1488; x_wconf 86' lang='lat' dir='ltr'><strong>dicendis</strong></span> 
     </span>
    </p>
   </div>
   <div class='ocr_carea' id='block_1_5' title="bbox 272 1536 1444 3357">
    <p class='ocr_par' dir='ltr' id='par_1_5' title="bbox 273 1536 1444 3104">
     <span class='ocr_line' id='line_1_12' title="bbox 275 1536 1444 1624; baseline 0.003 -24"><span class='ocrx_word' id='word_1_74' title='bbox 275 1536 422 1622; x_wconf 90' lang='lat' dir='ltr'><strong>denique</strong></span> <span class='ocrx_word' id='word_1_75' title='bbox 457 1537 670 1624; x_wconf 89' lang='lat' dir='ltr'><strong>disputantes</strong></span> <span class='ocrx_word' id='word_1_76' title='bbox 705 1536 815 1602; x_wconf 87' lang='lat' dir='ltr'><strong>fecere</strong></span> <span class='ocrx_word' id='word_1_77' title='bbox 843 1537 998 1602; x_wconf 89' lang='lat' dir='ltr'><strong>homines</strong></span> <span class='ocrx_word' id='word_1_78' title='bbox 1027 1537 1103 1602; x_wconf 91' lang='lat' dir='ltr'><strong>illos</strong></span> <span class='ocrx_word' id='word_1_79' title='bbox 1127 1538 1444 1603; x_wconf 88' lang='lat' dir='ltr'><strong>verecundissimos.</strong></span> 
     </span>
     <span class='ocr_line' id='line_1_13' title="bbox 274 1652 1444 1738; baseline 0.002 -22"><span class='ocrx_word' id='word_1_80' title='bbox 274 1652 415 1717; x_wconf 84' lang='lat' dir='ltr'><strong>Etenim</strong></span> <span class='ocrx_word' id='word_1_81' title='bbox 449 1659 578 1738; x_wconf 88' lang='lat' dir='ltr'><strong>septem</strong></span> <span class='ocrx_word' id='word_1_82' title='bbox 613 1653 813 1738; x_wconf 83' lang='lat' dir='ltr'><strong>Sapientum</strong></span> <span class='ocrx_word' id='word_1_83' title='bbox 846 1675 914 1736; x_wconf 84' lang='lat' dir='ltr'><strong>res,</strong></span> <span class='ocrx_word' id='word_1_84' title='bbox 950 1675 1015 1738; x_wconf 92' lang='lat' dir='ltr'><strong>quo</strong></span> <span class='ocrx_word' id='word_1_85' title='bbox 1051 1653 1269 1719; x_wconf 88' lang='lat' dir='ltr'><strong>crassioribus</strong></span> <span class='ocrx_word' id='word_1_86' title='bbox 1305 1653 1444 1718; x_wconf 87' lang='lat' dir='ltr'><strong>obrutae</strong></span> 
     </span>
     <span class='ocr_line' id='line_1_14' title="bbox 274 1767 1444 1855; baseline 0.002 -23"><span class='ocrx_word' id='word_1_87' title='bbox 274 1775 371 1833; x_wconf 89' lang='lat' dir='ltr'><strong>erant</strong></span> <span class='ocrx_word' id='word_1_88' title='bbox 404 1768 568 1854; x_wconf 87' lang='lat' dir='ltr'><strong>tenebris,</strong></span> <span class='ocrx_word' id='word_1_89' title='bbox 605 1791 643 1834; x_wconf 91' lang='lat' dir='ltr'><strong>eo</strong></span> <span class='ocrx_word' id='word_1_90' title='bbox 678 1768 788 1854; x_wconf 88' lang='lat' dir='ltr'><strong>magis</strong></span> <span class='ocrx_word' id='word_1_91' title='bbox 815 1767 1010 1855; x_wconf 91' lang='lat' dir='ltr'><strong>philosophi</strong></span> <span class='ocrx_word' id='word_1_92' title='bbox 1040 1767 1258 1854; x_wconf 86' lang='lat' dir='ltr'><strong>rhetorasque</strong></span> <span class='ocrx_word' id='word_1_93' title='bbox 1288 1769 1444 1834; x_wconf 84' lang='lat' dir='ltr'><strong>certatim</strong></span> 
     </span>
     <span class='ocr_line' id='line_1_15' title="bbox 274 1881 1444 1971; baseline 0 -23"><span class='ocrx_word' id='word_1_94' title='bbox 274 1881 427 1948; x_wconf 85' lang='lat' dir='ltr'><strong>sabulosa</strong></span> <span class='ocrx_word' id='word_1_95' title='bbox 450 1883 492 1948; x_wconf 91' lang='lat' dir='ltr'><strong>de</strong></span> <span class='ocrx_word' id='word_1_96' title='bbox 516 1885 564 1949; x_wconf 90' lang='lat' dir='ltr'><strong>eis</strong></span> <span class='ocrx_word' id='word_1_97' title='bbox 588 1883 718 1969; x_wconf 88' lang='lat' dir='ltr'><strong>fingere</strong></span> <span class='ocrx_word' id='word_1_98' title='bbox 742 1889 933 1971; x_wconf 89' lang='lat' dir='ltr'><strong>coeperunt.</strong></span> <span class='ocrx_word' id='word_1_99' title='bbox 992 1883 1107 1969; x_wconf 87' lang='lat' dir='ltr'><strong>Atque</strong></span> <span class='ocrx_word' id='word_1_100' title='bbox 1136 1884 1186 1969; x_wconf 84' lang='lat' dir='ltr'><strong>id,</strong></span> <span class='ocrx_word' id='word_1_101' title='bbox 1216 1884 1306 1970; x_wconf 93' lang='lat' dir='ltr'><strong>quod</strong></span> <span class='ocrx_word' id='word_1_102' title='bbox 1334 1883 1444 1948; x_wconf 79' lang='lat' dir='ltr'><strong>Theo-</strong></span> 
     </span>
     <span class='ocr_line' id='line_1_16' title="bbox 273 1983 1444 2087; baseline 0.001 -24"><span class='ocrx_word' id='word_1_103' title='bbox 273 1993 463 2084; x_wconf 76' lang='lat' dir='ltr'><strong>phrastus2)</strong></span> <span class='ocrx_word' id='word_1_104' title='bbox 493 2022 548 2064; x_wconf 89' lang='lat' dir='ltr'><strong>eos</strong></span> <span class='ocrx_word' id='word_1_105' title='bbox 576 1983 753 2085; x_wconf 77' lang='lat' dir='ltr'><strong>ingeniose</strong></span> <span class='ocrx_word' id='word_1_106' title='bbox 782 1999 994 2086; x_wconf 90' lang='lat' dir='ltr'><strong>disputantes</strong></span> <span class='ocrx_word' id='word_1_107' title='bbox 1017 1999 1157 2084; x_wconf 82' lang='lat' dir='ltr'><strong>fecerat,</strong></span> <span class='ocrx_word' id='word_1_108' title='bbox 1187 2001 1299 2065; x_wconf 91' lang='lat' dir='ltr'><strong>minus</strong></span> <span class='ocrx_word' id='word_1_109' title='bbox 1323 2007 1444 2087; x_wconf 88' lang='lat' dir='ltr'><strong>argute</strong></span> 
     </span>
     <span class='ocr_line' id='line_1_17' title="bbox 273 2113 1443 2204; baseline 0.002 -26"><span class='ocrx_word' id='word_1_110' title='bbox 273 2113 359 2178; x_wconf 91' lang='lat' dir='ltr'><strong>illud</strong></span> <span class='ocrx_word' id='word_1_111' title='bbox 382 2113 520 2200; x_wconf 88' lang='lat' dir='ltr'><strong>quidem</strong></span> <span class='ocrx_word' id='word_1_112' title='bbox 544 2115 603 2180; x_wconf 90' lang='lat' dir='ltr'><strong>sed</strong></span> <span class='ocrx_word' id='word_1_113' title='bbox 627 2114 771 2180; x_wconf 90' lang='lat' dir='ltr'><strong>eundem</strong></span> <span class='ocrx_word' id='word_1_114' title='bbox 794 2115 831 2180; x_wconf 93' lang='lat' dir='ltr'><strong>in</strong></span> <span class='ocrx_word' id='word_1_115' title='bbox 854 2115 992 2181; x_wconf 90' lang='lat' dir='ltr'><strong>modum</strong></span> <span class='ocrx_word' id='word_1_116' title='bbox 1016 2116 1089 2200; x_wconf 86' lang='lat' dir='ltr'><strong>alii,</strong></span> <span class='ocrx_word' id='word_1_117' title='bbox 1112 2116 1203 2180; x_wconf 91' lang='lat' dir='ltr'><strong>huno</strong></span> <span class='ocrx_word' id='word_1_118' title='bbox 1226 2116 1443 2204; x_wconf 89' lang='lat' dir='ltr'><strong>potissimum</strong></span> 
     </span>
     <span class='ocr_line' id='line_1_18' title="bbox 274 2226 1443 2317; baseline 0.002 -23"><span class='ocrx_word' id='word_1_119' title='bbox 274 2230 395 2316; x_wconf 84' lang='lat' dir='ltr'><strong>secuti,</strong></span> <span class='ocrx_word' id='word_1_120' title='bbox 431 2237 663 2296; x_wconf 87' lang='lat' dir='ltr'><strong>narraverunt.</strong></span> <span class='ocrx_word' id='word_1_121' title='bbox 710 2226 960 2310; x_wconf 72' lang='lat' dir='ltr'><strong>Plutarchum3)</strong></span> <span class='ocrx_word' id='word_1_122' title='bbox 989 2229 1127 2315; x_wconf 92' lang='lat' dir='ltr'><strong>quidem</strong></span> <span class='ocrx_word' id='word_1_123' title='bbox 1155 2231 1213 2296; x_wconf 91' lang='lat' dir='ltr'><strong>illo</strong></span> <span class='ocrx_word' id='word_1_124' title='bbox 1237 2253 1336 2296; x_wconf 90' lang='lat' dir='ltr'><strong>usum</strong></span> <span class='ocrx_word' id='word_1_125' title='bbox 1359 2253 1443 2317; x_wconf 89' lang='lat' dir='ltr'><strong>esse,</strong></span> 
     </span>
     <span class='ocr_line' id='line_1_19' title="bbox 273 2341 1444 2433; baseline 0 -23"><span class='ocrx_word' id='word_1_126' title='bbox 273 2346 324 2430; x_wconf 83' lang='lat' dir='ltr'><strong>id,</strong></span> <span class='ocrx_word' id='word_1_127' title='bbox 349 2345 440 2432; x_wconf 92' lang='lat' dir='ltr'><strong>quod</strong></span> <span class='ocrx_word' id='word_1_128' title='bbox 463 2341 541 2429; x_wconf 80' lang='grc' dir='ltr'><em>περὶ</em></span> <span class='ocrx_word' id='word_1_129' title='bbox 569 2345 693 2430; x_wconf 70' lang='grc' dir='ltr'><strong><em>τροφῆς</em></strong></span> <span class='ocrx_word' id='word_1_130' title='bbox 721 2346 922 2433; x_wconf 85' lang='lat' dir='ltr'><strong>disputavit,</strong></span> <span class='ocrx_word' id='word_1_131' title='bbox 947 2345 1139 2432; x_wconf 88' lang='lat' dir='ltr'><strong>significare</strong></span> <span class='ocrx_word' id='word_1_132' title='bbox 1162 2345 1308 2411; x_wconf 90' lang='lat' dir='ltr'><strong>videtur.</strong></span> <span class='ocrx_word' id='word_1_133' title='bbox 1354 2347 1444 2410; x_wconf 90' lang='lat' dir='ltr'><strong>Item</strong></span> 
     </span>
     <span class='ocr_line' id='line_1_20' title="bbox 273 2461 1444 2548; baseline 0 -22"><span class='ocrx_word' id='word_1_134' title='bbox 273 2461 315 2527; x_wconf 92' lang='lat' dir='ltr'><strong>ab</strong></span> <span class='ocrx_word' id='word_1_135' title='bbox 338 2461 475 2546; x_wconf 82' lang='lat' dir='ltr'><strong>Ephoro</strong></span> <span class='ocrx_word' id='word_1_136' title='bbox 503 2461 655 2526; x_wconf 89' lang='lat' dir='ltr'><strong>historiis</strong></span> <span class='ocrx_word' id='word_1_137' title='bbox 684 2462 754 2526; x_wconf 90' lang='lat' dir='ltr'><strong>suis</strong></span> <span class='ocrx_word' id='word_1_138' title='bbox 783 2469 990 2527; x_wconf 82' lang='lat' dir='ltr'><strong>conventum</strong></span> <span class='ocrx_word' id='word_1_139' title='bbox 1018 2462 1184 2526; x_wconf 83' lang='lat' dir='ltr'><strong>insertum</strong></span> <span class='ocrx_word' id='word_1_140' title='bbox 1212 2484 1285 2526; x_wconf 89' lang='lat' dir='ltr'><strong>esse</strong></span> <span class='ocrx_word' id='word_1_141' title='bbox 1312 2468 1444 2548; x_wconf 90' lang='lat' dir='ltr'><strong>septem</strong></span> 
     </span>
     <span class='ocr_line' id='line_1_21' title="bbox 274 2565 1443 2664; baseline -0.005 -22"><span class='ocrx_word' id='word_1_142' title='bbox 274 2575 474 2662; x_wconf 81' lang='lat' dir='ltr'><strong>Sapientum</strong></span> <span class='ocrx_word' id='word_1_143' title='bbox 503 2577 659 2642; x_wconf 77' lang='lat' dir='ltr'><strong>Laertius</strong></span> <span class='ocrx_word' id='word_1_144' title='bbox 688 2578 860 2664; x_wconf 89' lang='lat' dir='ltr'><strong>Diogenes</strong></span> <span class='ocrx_word' id='word_1_145' title='bbox 897 2577 1040 2642; x_wconf 88' lang='lat' dir='ltr'><strong>tradidit</strong></span> <span class='ocrx_word' id='word_1_146' title='bbox 1070 2578 1109 2661; x_wconf 79' lang='grc' dir='ltr'><strong>(Ι,</strong></span> <span class='ocrx_word' id='word_1_147' title='bbox 1136 2577 1197 2642; x_wconf 88' lang='lat'><strong>40:</strong></span> <span class='ocrx_word' id='word_1_148' title='bbox 1230 2565 1371 2660; x_wconf 79' lang='grc' dir='ltr'><em>Ἔφορος</em></span> <span class='ocrx_word' id='word_1_149' title='bbox 1407 2571 1443 2637; x_wconf 65' lang='lat' dir='ltr'><strong>de*</strong></span> 
     </span>
     <span class='ocr_line' id='line_1_22' title="bbox 276 2680 1440 2778; baseline 0.005 -28"><span class='ocrx_word' id='word_1_150' title='bbox 276 2684 370 2775; x_wconf 74' lang='grc' dir='ltr'><em>παρὰ</em></span> <span class='ocrx_word' id='word_1_151' title='bbox 393 2686 526 2776; x_wconf 81' lang='grc' dir='ltr'><strong><em>Κροίσῳ</em></strong></span> <span class='ocrx_word' id='word_1_152' title='bbox 551 2685 639 2778; x_wconf 77' lang='grc' dir='ltr'><strong><em>πλὴν</em></strong></span> <span class='ocrx_word' id='word_1_153' title='bbox 666 2689 786 2768; x_wconf 80' lang='grc' dir='ltr'><em>Θαλοῦ,</em></span> <span class='ocrx_word' id='word_1_154' title='bbox 816 2693 946 2758; x_wconf 82' lang='lat' dir='ltr'><strong>scilicet</strong></span> <span class='ocrx_word' id='word_1_155' title='bbox 977 2682 1109 2771; x_wconf 79' lang='grc' dir='ltr'><strong><em>ὁμιλίαν</em></strong></span> <span class='ocrx_word' id='word_1_156' title='bbox 1132 2680 1239 2752; x_wconf 71' lang='grc' dir='ltr'><em>αὐτῶν</em></span> <span class='ocrx_word' id='word_1_157' title='bbox 1262 2685 1440 2776; x_wconf 73' lang='grc' dir='ltr'><em>γέγραφεν).</em></span> 
     </span>
     <span class='ocr_line' id='line_1_23' title="bbox 274 2807 1443 2894; baseline 0 -23"><span class='ocrx_word' id='word_1_158' title='bbox 274 2809 414 2872; x_wconf 86' lang='lat' dir='ltr'><strong>Etenim</strong></span> <span class='ocrx_word' id='word_1_159' title='bbox 437 2809 466 2873; x_wconf 90' lang='lat' dir='ltr'><strong>is</strong></span> <span class='ocrx_word' id='word_1_160' title='bbox 489 2809 553 2873; x_wconf 90' lang='lat' dir='ltr'><strong>hoo</strong></span> <span class='ocrx_word' id='word_1_161' title='bbox 575 2809 657 2893; x_wconf 86' lang='lat' dir='ltr'><strong>loce,</strong></span> <span class='ocrx_word' id='word_1_162' title='bbox 682 2831 899 2894; x_wconf 89' lang='lat' dir='ltr'><strong>quaecunque</strong></span> <span class='ocrx_word' id='word_1_163' title='bbox 923 2809 965 2874; x_wconf 92' lang='lat' dir='ltr'><strong>de</strong></span> <span class='ocrx_word' id='word_1_164' title='bbox 988 2810 1122 2874; x_wconf 90' lang='lat' dir='ltr'><strong>illorum</strong></span> <span class='ocrx_word' id='word_1_165' title='bbox 1146 2807 1241 2873; x_wconf 90' lang='lat' dir='ltr'><strong>scitis</strong></span> <span class='ocrx_word' id='word_1_166' title='bbox 1265 2807 1443 2891; x_wconf 85' lang='lat' dir='ltr'><strong>divulgata</strong></span> 
     </span>
     <span class='ocr_line' id='line_1_24' title="bbox 275 2923 1441 3013; baseline -0.001 -25"><span class='ocrx_word' id='word_1_167' title='bbox 275 2931 379 3009; x_wconf 84' lang='lat' dir='ltr'><strong>erant,</strong></span> <span class='ocrx_word' id='word_1_168' title='bbox 405 2923 631 3010; x_wconf 88' lang='lat' dir='ltr'><strong>compluribus</strong></span> <span class='ocrx_word' id='word_1_169' title='bbox 654 2924 736 2990; x_wconf 91' lang='lat' dir='ltr'><strong>locis</strong></span> <span class='ocrx_word' id='word_1_170' title='bbox 761 2925 1009 3009; x_wconf 84' lang='lat' dir='ltr'><strong>contaminatis,</strong></span> <span class='ocrx_word' id='word_1_171' title='bbox 1034 2924 1190 3009; x_wconf 89' lang='lat' dir='ltr'><strong>attigisse</strong></span> <span class='ocrx_word' id='word_1_172' title='bbox 1214 2929 1272 2988; x_wconf 90' lang='lat' dir='ltr'><strong>aut</strong></span> <span class='ocrx_word' id='word_1_173' title='bbox 1292 2923 1441 3013; x_wconf 75' lang='lat' dir='ltr'><strong>¹explica-</strong></span> 
     </span>
     <span class='ocr_line' id='line_1_25' title="bbox 273 3038 534 3104; baseline 0 0"><span class='ocrx_word' id='word_1_174' title='bbox 273 3039 365 3104; x_wconf 88' lang='lat' dir='ltr'><strong>visse</strong></span> <span class='ocrx_word' id='word_1_175' title='bbox 387 3038 534 3104; x_wconf 86' lang='lat' dir='ltr'><strong>videtur.</strong></span> 
     </span>
    </p>

    <p class='ocr_par' dir='ltr' id='par_1_6' title="bbox 272 3153 1442 3357">
     <span class='ocr_line' id='line_1_26' title="bbox 380 3153 1441 3242; baseline 0 -23"><span class='ocrx_word' id='word_1_176' title='bbox 380 3155 432 3220; x_wconf 95' lang='lat' dir='ltr'><strong>De</strong></span> <span class='ocrx_word' id='word_1_177' title='bbox 448 3155 585 3242; x_wconf 89' lang='lat' dir='ltr'><strong>Ephoro</strong></span> <span class='ocrx_word' id='word_1_178' title='bbox 601 3154 788 3222; x_wconf 90' lang='lat' dir='ltr'><strong>Diodorum</strong></span> <span class='ocrx_word' id='word_1_179' title='bbox 810 3155 901 3242; x_wconf 78' lang='lat' dir='ltr'><strong>hunc</strong></span> <span class='ocrx_word' id='word_1_180' title='bbox 917 3155 1027 3220; x_wconf 90' lang='lat' dir='ltr'><strong>locum</strong></span> <span class='ocrx_word' id='word_1_181' title='bbox 1051 3153 1310 3241; x_wconf 85' lang='lat' dir='ltr'><strong>deprompsisse,</strong></span> <span class='ocrx_word' id='word_1_182' title='bbox 1333 3154 1441 3220; x_wconf 85' lang='lat' dir='ltr'><strong>Klue-</strong></span> 
     </span>
     <span class='ocr_line' id='line_1_27' title="bbox 272 3265 1442 3357; baseline 0 -23"><span class='ocrx_word' id='word_1_183' title='bbox 272 3265 404 3351; x_wconf 70' lang='grc'>11611164)</span> <span class='ocrx_word' id='word_1_184' title='bbox 427 3293 497 3335; x_wconf 91' lang='lat' dir='ltr'><strong>non</strong></span> <span class='ocrx_word' id='word_1_185' title='bbox 519 3271 601 3336; x_wconf 90' lang='lat' dir='ltr'><strong>satis</strong></span> <span class='ocrx_word' id='word_1_186' title='bbox 617 3271 783 3357; x_wconf 88' lang='lat' dir='ltr'><strong>probavit.</strong></span> <span class='ocrx_word' id='word_1_187' title='bbox 815 3270 1110 3357; x_wconf 91' lang='lat' dir='ltr'><strong>Deprehendimus</strong></span> <span class='ocrx_word' id='word_1_188' title='bbox 1127 3277 1241 3336; x_wconf 90' lang='lat' dir='ltr'><strong>autem</strong></span> <span class='ocrx_word' id='word_1_189' title='bbox 1256 3271 1442 3357; x_wconf 87' lang='lat' dir='ltr'><strong>compluria</strong></span> 
     </span>
    </p>
   </div>
   <div class='ocr_carea' id='block_1_6' title="bbox 271 3497 1441 3835">
    <p class='ocr_par' dir='ltr' id='par_1_7' title="bbox 271 3497 1441 3835">
     <span class='ocr_line' id='line_1_28' title="bbox 381 3497 1439 3570; baseline 0.001 -17"><span class='ocrx_word' id='word_1_190' title='bbox 381 3497 407 3570; x_wconf 88' lang='lat'><strong>1)</strong></span> <span class='ocrx_word' id='word_1_191' title='bbox 428 3498 457 3556; x_wconf 84' lang='grc' dir='ltr'><strong>Ο.</strong></span> <span class='ocrx_word' id='word_1_192' title='bbox 477 3499 569 3554; x_wconf 90' lang='lat' dir='ltr'><strong>Lehrs</strong></span> <span class='ocrx_word' id='word_1_193' title='bbox 588 3500 622 3554; x_wconf 90' lang='lat' dir='ltr'><strong>de</strong></span> <span class='ocrx_word' id='word_1_194' title='bbox 641 3499 803 3554; x_wconf 84' lang='lat' dir='ltr'><strong>Aristarchi</strong></span> <span class='ocrx_word' id='word_1_195' title='bbox 821 3498 925 3554; x_wconf 90' lang='lat' dir='ltr'><strong>studiis</strong></span> <span class='ocrx_word' id='word_1_196' title='bbox 943 3497 1106 3554; x_wconf 87' lang='lat' dir='ltr'><strong>Homericis</strong></span> <span class='ocrx_word' id='word_1_197' title='bbox 1124 3497 1166 3553; x_wconf 92' lang='lat' dir='ltr'><strong>ed.</strong></span> <span class='ocrx_word' id='word_1_198' title='bbox 1186 3499 1236 3553; x_wconf 91' lang='lat' dir='ltr'><strong>alt.</strong></span> <span class='ocrx_word' id='word_1_199' title='bbox 1255 3517 1281 3570; x_wconf 88' lang='lat' dir='ltr'><strong>p.</strong></span> <span class='ocrx_word' id='word_1_200' title='bbox 1301 3500 1354 3552; x_wconf 80' lang='lat'><strong>212</strong></span> <span class='ocrx_word' id='word_1_201' title='bbox 1373 3517 1439 3554; x_wconf 90' lang='lat' dir='ltr'><strong>ann.</strong></span> 
     </span>
     <span class='ocr_line' id='line_1_29' title="bbox 272 3587 1441 3660; baseline -0.002 -16"><span class='ocrx_word' id='word_1_202' title='bbox 272 3588 431 3644; x_wconf 86' lang='lat' dir='ltr'><strong>rectissime</strong></span> <span class='ocrx_word' id='word_1_203' title='bbox 449 3588 602 3643; x_wconf 83' lang='lat' dir='ltr'><strong>annotavit</strong></span> <span class='ocrx_word' id='word_1_204' title='bbox 620 3589 655 3642; x_wconf 90' lang='lat' dir='ltr'><strong>de</strong></span> <span class='ocrx_word' id='word_1_205' title='bbox 674 3589 815 3644; x_wconf 83' lang='lat' dir='ltr'><strong>conviviis</strong></span> <span class='ocrx_word' id='word_1_206' title='bbox 833 3589 988 3659; x_wconf 88' lang='lat' dir='ltr'><strong>epulisque,</strong></span> <span class='ocrx_word' id='word_1_207' title='bbox 1007 3589 1110 3660; x_wconf 89' lang='lat' dir='ltr'><strong>quibus</strong></span> <span class='ocrx_word' id='word_1_208' title='bbox 1123 3588 1168 3642; x_wconf 88' lang='lat' dir='ltr'><strong>usi</strong></span> <span class='ocrx_word' id='word_1_209' title='bbox 1180 3594 1250 3642; x_wconf 89' lang='lat' dir='ltr'><strong>sunt</strong></span> <span class='ocrx_word' id='word_1_210' title='bbox 1261 3587 1441 3642; x_wconf 88' lang='lat' dir='ltr'><strong>diversarum</strong></span> 
     </span>
     <span class='ocr_line' id='line_1_30' title="bbox 272 3676 1440 3748; baseline 0 -16"><span class='ocrx_word' id='word_1_211' title='bbox 272 3678 435 3732; x_wconf 85' lang='lat' dir='ltr'><strong>scholarum</strong></span> <span class='ocrx_word' id='word_1_212' title='bbox 453 3683 617 3746; x_wconf 73' lang='lat' dir='ltr'><strong>sectatores</strong></span> <span class='ocrx_word' id='word_1_213' title='bbox 637 3677 756 3732; x_wconf 88' lang='lat' dir='ltr'><strong>fluxisse</strong></span> <span class='ocrx_word' id='word_1_214' title='bbox 774 3677 904 3732; x_wconf 82' lang='lat' dir='ltr'><strong>fabulam</strong></span> <span class='ocrx_word' id='word_1_215' title='bbox 923 3677 958 3732; x_wconf 91' lang='lat' dir='ltr'><strong>de</strong></span> <span class='ocrx_word' id='word_1_216' title='bbox 977 3682 1087 3748; x_wconf 89' lang='lat' dir='ltr'><strong>septem</strong></span> <span class='ocrx_word' id='word_1_217' title='bbox 1106 3676 1274 3748; x_wconf 88' lang='lat' dir='ltr'><strong>Sapientum</strong></span> <span class='ocrx_word' id='word_1_218' title='bbox 1297 3695 1355 3732; x_wconf 91' lang='lat' dir='ltr'><strong>non</strong></span> <span class='ocrx_word' id='word_1_219' title='bbox 1375 3696 1440 3732; x_wconf 90' lang='lat' dir='ltr'><strong>con-</strong></span> 
     </span>
     <span class='ocr_line' id='line_1_31' title="bbox 271 3765 890 3835; baseline -0.005 -12"><span class='ocrx_word' id='word_1_220' title='bbox 271 3765 405 3824; x_wconf 89' lang='lat' dir='ltr'><strong>ventibus</strong></span> <span class='ocrx_word' id='word_1_221' title='bbox 424 3772 547 3835; x_wconf 83' lang='lat' dir='ltr'><strong>tantum,</strong></span> <span class='ocrx_word' id='word_1_222' title='bbox 567 3767 616 3822; x_wconf 90' lang='lat' dir='ltr'><strong>sed</strong></span> <span class='ocrx_word' id='word_1_223' title='bbox 635 3767 722 3821; x_wconf 88' lang='lat' dir='ltr'><strong>etiam</strong></span> <span class='ocrx_word' id='word_1_224' title='bbox 741 3766 890 3822; x_wconf 78' lang='lat' dir='ltr'><strong>conviviis.</strong></span> 
     </span>
    </p>
   </div>
   <div class='ocr_carea' id='block_1_7' title="bbox 379 3872 1226 3945">
    <p class='ocr_par' dir='ltr' id='par_1_8' title="bbox 379 3872 1226 3945">
     <span class='ocr_line' id='line_1_32' title="bbox 379 3872 1226 3945; baseline 0 -17"><span class='ocrx_word' id='word_1_225' title='bbox 379 3872 407 3944; x_wconf 85' lang='lat'><strong>2)</strong></span> <span class='ocrx_word' id='word_1_226' title='bbox 426 3873 593 3928; x_wconf 85' lang='lat' dir='ltr'><strong>Athenaeus</strong></span> <span class='ocrx_word' id='word_1_227' title='bbox 613 3873 665 3942; x_wconf 89' lang='lat' dir='ltr'><strong>XI,</strong></span> <span class='ocrx_word' id='word_1_228' title='bbox 684 3892 711 3945; x_wconf 91' lang='lat' dir='ltr'><strong>p.</strong></span> <span class='ocrx_word' id='word_1_229' title='bbox 731 3874 797 3944; x_wconf 77' lang='lat'>4635</span> <span class='ocrx_word' id='word_1_230' title='bbox 815 3872 949 3926; x_wconf 73' lang='lat' dir='ltr'><strong>Laertius</strong></span> <span class='ocrx_word' id='word_1_231' title='bbox 967 3873 1112 3944; x_wconf 85' lang='lat' dir='ltr'><strong>Diogenes</strong></span> <span class='ocrx_word' id='word_1_232' title='bbox 1130 3874 1164 3942; x_wconf 87' lang='lat' dir='ltr'><strong>V,</strong></span> <span class='ocrx_word' id='word_1_233' title='bbox 1183 3873 1226 3928; x_wconf 87' lang='grc'><strong>48.</strong></span> 
     </span>
    </p>
   </div>
   <div class='ocr_carea' id='block_1_8' title="bbox 271 3979 1439 4123">
    <p class='ocr_par' dir='ltr' id='par_1_9' title="bbox 271 3979 1439 4123">
     <span class='ocr_line' id='line_1_33' title="bbox 377 3979 1439 4052; baseline 0 -18"><span class='ocrx_word' id='word_1_234' title='bbox 377 3979 405 4051; x_wconf 87' lang='grc'><strong>3)</strong></span> <span class='ocrx_word' id='word_1_235' title='bbox 424 3979 500 4035; x_wconf 90' lang='lat' dir='ltr'><strong>Plut.</strong></span> <span class='ocrx_word' id='word_1_236' title='bbox 521 3981 555 4036; x_wconf 91' lang='lat' dir='ltr'><strong>de</strong></span> <span class='ocrx_word' id='word_1_237' title='bbox 574 3979 713 4036; x_wconf 83' lang='lat' dir='ltr'><strong>Convivio</strong></span> <span class='ocrx_word' id='word_1_238' title='bbox 732 3985 803 4052; x_wconf 89' lang='lat' dir='ltr'><strong>sept.</strong></span> <span class='ocrx_word' id='word_1_239' title='bbox 823 3979 886 4050; x_wconf 85' lang='lat' dir='ltr'><strong>Sap.</strong></span> <span class='ocrx_word' id='word_1_240' title='bbox 907 3998 929 4034; x_wconf 89' lang='lat' dir='ltr'><strong>o.</strong></span> <span class='ocrx_word' id='word_1_241' title='bbox 949 3980 985 4034; x_wconf 90' lang='grc'>14</span> <span class='ocrx_word' id='word_1_242' title='bbox 1002 3997 1043 4051; x_wconf 89' lang='lat' dir='ltr'><strong>sq.</strong></span> <span class='ocrx_word' id='word_1_243' title='bbox 1068 3979 1103 4034; x_wconf 83' lang='lat' dir='ltr'><strong>of.</strong></span> <span class='ocrx_word' id='word_1_244' title='bbox 1122 3979 1319 4051; x_wconf 83' lang='lat' dir='ltr'><strong>Wytten&#39;baoh</strong></span> <span class='ocrx_word' id='word_1_245' title='bbox 1341 3985 1439 4034; x_wconf 88' lang='lat' dir='ltr'><strong>annot.</strong></span> 
     </span>
     <span class='ocr_line' id='line_1_34' title="bbox 271 4068 381 4123; baseline 0.009 -1"><span class='ocrx_word' id='word_1_246' title='bbox 271 4068 308 4123; x_wconf 87' lang='lat' dir='ltr'><strong>ad</strong></span> <span class='ocrx_word' id='word_1_247' title='bbox 325 4069 381 4123; x_wconf 56' lang='lat' dir='ltr'><strong>lul.</strong></span> 
     </span>
    </p>
   </div>
   <div class='ocr_carea' id='block_1_9' title="bbox 269 4174 1439 4516">
    <p class='ocr_par' dir='ltr' id='par_1_10' title="bbox 269 4174 1439 4516">
     <span class='ocr_line' id='line_1_35' title="bbox 376 4174 1438 4247; baseline 0 -17"><span class='ocrx_word' id='word_1_248' title='bbox 376 4174 406 4246; x_wconf 90' lang='grc'><strong>4)</strong></span> <span class='ocrx_word' id='word_1_249' title='bbox 425 4176 471 4231; x_wconf 90' lang='lat' dir='ltr'><strong>Ab</strong></span> <span class='ocrx_word' id='word_1_250' title='bbox 499 4177 616 4247; x_wconf 89' lang='lat' dir='ltr'><strong>Ephoro</strong></span> <span class='ocrx_word' id='word_1_251' title='bbox 644 4175 705 4229; x_wconf 88' lang='lat' dir='ltr'><strong>solo</strong></span> <span class='ocrx_word' id='word_1_252' title='bbox 732 4176 810 4230; x_wconf 90' lang='lat' dir='ltr'><strong>hunc</strong></span> <span class='ocrx_word' id='word_1_253' title='bbox 838 4181 1013 4232; x_wconf 88' lang='lat' dir='ltr'><strong>conventum</strong></span> <span class='ocrx_word' id='word_1_254' title='bbox 1036 4181 1146 4246; x_wconf 88' lang='lat' dir='ltr'><strong>septem</strong></span> <span class='ocrx_word' id='word_1_255' title='bbox 1168 4175 1336 4246; x_wconf 84' lang='lat' dir='ltr'><strong>Sapientum</strong></span> <span class='ocrx_word' id='word_1_256' title='bbox 1362 4176 1438 4247; x_wconf 88' lang='lat' dir='ltr'><strong>apud</strong></span> 
     </span>
     <span class='ocr_line' id='line_1_36' title="bbox 271 4262 1438 4336; baseline -0.003 -16"><span class='ocrx_word' id='word_1_257' title='bbox 271 4265 409 4320; x_wconf 79' lang='lat' dir='ltr'><strong>Croesum</strong></span> <span class='ocrx_word' id='word_1_258' title='bbox 431 4265 563 4319; x_wconf 88' lang='lat' dir='ltr'><strong>habitum</strong></span> <span class='ocrx_word' id='word_1_259' title='bbox 586 4270 737 4319; x_wconf 88' lang='lat' dir='ltr'><strong>narratum</strong></span> <span class='ocrx_word' id='word_1_260' title='bbox 762 4282 823 4318; x_wconf 89' lang='lat' dir='ltr'><strong>esse</strong></span> <span class='ocrx_word' id='word_1_261' title='bbox 845 4282 904 4318; x_wconf 93' lang='lat' dir='ltr'><strong>non</strong></span> <span class='ocrx_word' id='word_1_262' title='bbox 927 4264 988 4318; x_wconf 89' lang='lat' dir='ltr'><strong>iure</strong></span> <span class='ocrx_word' id='word_1_263' title='bbox 1006 4264 1169 4320; x_wconf 86' lang='lat' dir='ltr'><strong>Klueberus</strong></span> <span class='ocrx_word' id='word_1_264' title='bbox 1193 4263 1259 4334; x_wconf 84' lang='grc'>(1.1.</span> <span class='ocrx_word' id='word_1_265' title='bbox 1278 4283 1306 4336; x_wconf 87' lang='lat' dir='ltr'><strong>p.</strong></span> <span class='ocrx_word' id='word_1_266' title='bbox 1326 4262 1353 4334; x_wconf 78' lang='lat'><strong>7)</strong></span> <span class='ocrx_word' id='word_1_267' title='bbox 1378 4264 1438 4335; x_wconf 91' lang='lat' dir='ltr'><strong>opi-</strong></span> 
     </span>
     <span class='ocr_line' id='line_1_37' title="bbox 269 4352 1439 4426; baseline 0.001 -19"><span class='ocrx_word' id='word_1_268' title='bbox 269 4359 356 4408; x_wconf 87' lang='lat' dir='ltr'><strong>natus</strong></span> <span class='ocrx_word' id='word_1_269' title='bbox 375 4359 426 4408; x_wconf 90' lang='lat' dir='ltr'><strong>est.</strong></span> <span class='ocrx_word' id='word_1_270' title='bbox 455 4354 531 4408; x_wconf 92' lang='lat' dir='ltr'><strong>Nam</strong></span> <span class='ocrx_word' id='word_1_271' title='bbox 548 4355 610 4409; x_wconf 86' lang='lat' dir='ltr'><strong>veri</strong></span> <span class='ocrx_word' id='word_1_272' title='bbox 629 4353 843 4408; x_wconf 87' lang='lat' dir='ltr'><strong>absimillimum</strong></span> <span class='ocrx_word' id='word_1_273' title='bbox 862 4358 914 4421; x_wconf 86' lang='lat' dir='ltr'><strong>est,</strong></span> <span class='ocrx_word' id='word_1_274' title='bbox 934 4353 1086 4424; x_wconf 87' lang='lat' dir='ltr'><strong>epistulam</strong></span> <span class='ocrx_word' id='word_1_275' title='bbox 1105 4354 1142 4408; x_wconf 91' lang='lat' dir='ltr'><strong>ad</strong></span> <span class='ocrx_word' id='word_1_276' title='bbox 1160 4359 1269 4426; x_wconf 89' lang='lat' dir='ltr'><strong>septem</strong></span> <span class='ocrx_word' id='word_1_277' title='bbox 1289 4352 1439 4424; x_wconf 85' lang='lat' dir='ltr'><strong>Sapientes</strong></span> 
     </span>
     <span class='ocr_line' id='line_1_38' title="bbox 270 4439 1348 4516; baseline -0.002 -14"><span class='ocrx_word' id='word_1_278' title='bbox 270 4461 287 4502; x_wconf 82' lang='lat' dir='ltr'><strong>a</strong></span> <span class='ocrx_word' id='word_1_279' title='bbox 305 4442 463 4498; x_wconf 89' lang='lat' dir='ltr'><strong>Periandro</strong></span> <span class='ocrx_word' id='word_1_280' title='bbox 482 4443 618 4516; x_wconf 87' lang='lat' dir='ltr'><strong>scriptam</strong></span> <span class='ocrx_word' id='word_1_281' title='bbox 637 4439 743 4514; x_wconf 73' lang='lat' dir='ltr'><strong>(Latrt.</strong></span> <span class='ocrx_word' id='word_1_282' title='bbox 763 4441 907 4514; x_wconf 85' lang='lat' dir='ltr'><strong>Diogenes</strong></span> <span class='ocrx_word' id='word_1_283' title='bbox 926 4441 949 4514; x_wconf 85' lang='grc' dir='ltr'><strong>Ι,</strong></span> <span class='ocrx_word' id='word_1_284' title='bbox 968 4440 1013 4514; x_wconf 88' lang='grc'><strong>99)</strong></span> <span class='ocrx_word' id='word_1_285' title='bbox 1033 4460 1069 4497; x_wconf 87' lang='lat' dir='ltr'><strong>ex</strong></span> <span class='ocrx_word' id='word_1_286' title='bbox 1087 4443 1203 4516; x_wconf 86' lang='lat' dir='ltr'><strong>Ephoro</strong></span> <span class='ocrx_word' id='word_1_287' title='bbox 1221 4440 1348 4500; x_wconf 84' lang='lat' dir='ltr'><strong>fluxisse.</strong></span> 
     </span>
    </p>
   </div>
   <div class='ocr_carea' id='block_1_10' title="bbox 0 0 1548 5127">
    <p class='ocr_par' dir='ltr' id='par_1_11' title="bbox 0 0 1548 5127">
     <span class='ocr_line' id='line_1_39' title="bbox 0 0 1548 5127; baseline 0 0"><span class='ocrx_word' id='word_1_288' title='bbox 0 0 1548 5127; x_wconf 95' lang='lat' dir='ltr'><strong> </strong></span> 
     </span>
    </p>
   </div>
  </div>
 </body>
</html>
