3086 5134
798 353 841 416 28

710 441 922 450 -—..-.—-—-

229 573 342 633 antem
365 563 489 652 (5-8),
514 567 573 653 qui
591 573 788 653 sequuntur,
815 567 919 632 Solon
934 565 1075 632 minime
1091 566 1272 632 Pisistrato
1288 589 1401 632 rerum

227 683 336 770 potito
361 683 507 748 seribere
530 682 653 769 potuit.
690 685 779 749 Nam
802 688 902 770 poeta
925 682 1191 748 dominationem
1214 683 1401 748 instantem
1447 661 1448 666 ἵ

228 795 274 878 (v.
299 799 333 879 8)
361 799 455 864 illam
483 798 621 883 quidem
649 798 709 864 sed
736 798 889 864 nondum
916 805 1050 886 partam
1077 798 1237 886 respexit.
1285 798 1400 883 Atque

228 913 293 979 hoc
315 915 420 979 verba
441 910 557 994 βαίνει,
583 904 679 998 ὁρᾶτε
702 916 785 982 satis
809 921 925 1002 aperte
948 913 1170 999 signifian
1193 914 1314 999 ltaque
1335 915 1402 980 etsi

226 1031 359 1094 nullum
391 1030 492 1095 huius
527 1031 577 1095 rei
611 1037 741 1096 exteret
776 1031 1031 1115 documentum,
1067 1028 1109 1094 de
1144 1030 1206 1095 hoc
1239 1051 1402 1095 versuum

227 1168 358 1212 conexu
385 1145 541 1211 dubitare
568 1147 635 1212 iam
663 1169 733 1214 non
760 1148 887 1213 liceret.
935 1146 1003 1213 Sed
1031 1145 1217 1232 genuinam
1239 1167 1402 1211 versuum

227 1261 350 1327 seriem
372 1261 576 1327 Plutarchus
584 1257 617 1347 ¹),
640 1269 680 1327 ut
701 1263 890 1328 rectissime
913 1263 953 1328 B.
978 1262 1081 1328 Niese
1105 1258 1140 1345 (l.
1164 1263 1186 1327 1.
1210 1285 1242 1348 p.
1267 1261 1301 1342 ὅ)
1324 1283 1401 1348 per-

227 1377 349 1463 spexit,
374 1399 455 1465 prae
479 1399 515 1442 se
538 1377 614 1444 fert.
655 1379 730 1444 Hoc
758 1379 850 1444 enim
878 1384 1013 1444 auctore
1037 1373 1171 1457 Solon2)
1194 1377 1255 1443 hos
1280 1399 1402 1443 versus

228 1493 378 1580 scripsit,
408 1517 485 1560 cum
507 1493 687 1560 Pisistrato
710 1495 876 1560 satellites
904 1495 945 1562 ab
970 1493 1242 1560 Atheniensibus
1270 1493 1404 1560 addicti

227 1616 351 1675 essent.

333 1753 392 1835 Εἷς
415 1753 475 1844 γὰρ
499 1758 647 1844 γλῶσσαν
671 1751 767 1847 ὁρᾶτε
790 1756 847 1824 καὶ
870 1755 918 1836 εἰς
941 1753 1007 1846 ἔπη
1032 1753 1173 1840 uindico
1198 1750 1326 1845 ἀνδρὸς.

267 1867 271 1876 ’
329 1866 439 1955 Ὑμιῦν
462 1865 538 1952 δἐἷς
560 1873 619 1956 μὲν
642 1873 778 1952 ἕκαστος
802 1868 975 1952 ἀλώπεκος
997 1870 1099 1956 ἴχνεσι
1122 1870 1239 1957 βαίνει,

334 1993 510 2072 Συμπᾶσιν
532 1991 638 2073 ὁύμῖν
659 1994 775 2072 χαῦνος
799 1986 902 2056 ἔνεστι
925 1986 1008 2068 νόος.

227 2146 321 2224 Quae
360 2145 627 2230 adhortationes
667 2169 743 2211 cum
782 2145 825 2212 ad
863 2147 997 2211 irritum
1037 2145 1254 2229 cecidissent,
1294 2145 1401 2211 Solon

226 2271 413 2362 τυραννίδος
436 2267 498 2365 ἤδη
522 2271 723 2366 συνεστώσης
746 2273 801 2341 καί
826 2272 1012 2364 πεφυκυίας
1036 2278 1074 2359 (c.
1098 2281 1142 2343 30
1168 2279 1266 2358 extr.)
1296 2278 1399 2343 dixit:

512 2387 551 2456 Εἰ
575 2390 610 2456 δὲ
634 2388 833 2458 πεπόνθατε
856 2387 956 2479 λυγροί
978 2373 1007 2456 ν.
1033 2416 1060 2456 τ.
1085 2391 1114 2456 λ.

332 2528 447 2614 Atque
474 2530 677 2596 Plutarchus
706 2537 745 2596 ut
772 2529 895 2595 seriem
922 2552 1081 2595 versuum
1117 2529 1203 2595 bene
1235 2528 1397 2612 servavit,

226 2645 275 2709 ita
299 2666 414 2710 eorum
438 2645 623 2711 orationem
646 2668 716 2712 non
739 2647 788 2712 ita
808 2645 982 2734 corruptit.
1016 2645 1227 2730 Quamquam
1243 2645 1281 2710 in
1296 2666 1398 2709 versu

226 2760 389 2846 2frgm:

440 2868 502 2960 Μή
525 2899 557 2938 τι
581 2877 676 2951 θεοῖς
699 2868 823 2938 τούτων
844 2875 964 2960 μοῖραν
987 2869 1203 2960 ἐπαμφέρετε.

225 2990 427 3057 Plutarchus
451 3015 511 3079 pro
535 2992 654 3078 μοῖραν
677 2993 791 3079 inepte
814 2992 912 3077 μῆνιν
925 2991 1048 3078 posuit.
1080 2991 1261 3056 Nemeum
1279 2963 1398 3075 μοίρον

227 3101 464 3194 ἐπαμφέρεινῧ)
499 3109 664 3173 usitatum
699 3115 764 3194 est,
800 3115 874 3173 tum
909 3131 927 3172 e
961 3107 1114 3195 proximo
1148 3129 1250 3172 versu
1285 3107 1398 3172 lucide

225 3230 365 3311 apparet
420 3227 422 3233 “

394 3328 504 3400 Αὐτοὶ
529 3330 589 3422 γὰρ
612 3331 747 3414 τούτους
770 3329 931 3424 ηὐξήσατε
954 3330 1081 3424 ρίματα
1106 3329 1215 3412 δόντες

225 3473 267 3539 ab
290 3473 560 3540 Atheniensibus
589 3475 722 3562 culpam
750 3475 788 3538 in
820 3475 927 3539 iustos
962 3473 1042 3539 deos
1076 3472 1202 3538 iniuria
1235 3471 1400 3537 reiectam

226 3612 309 3655 esse.
356 3589 399 3655 In
421 3613 523 3656 versu
546 3596 660 3656 autem
684 3591 702 3655 7
727 3590 914 3676 fragmenti
938 3590 958 3654 9

470 3705 647 3785 Συμπᾶσιν
670 3696 777 3785 δ’ῧμῖν
799 3705 922 3791 κοῦφος
946 3698 1048 3766 ἔνεστι
1073 3695 1156 3778 νόος.

226 3857 438 3868 -ι--.---

334 3943 360 4013 1)
379 3945 467 3998 Hunc
484 3943 554 3998 Max
572 3945 708 3999 Duncker
726 3945 843 4011 (Gesch.
862 3944 913 3999 des
931 3943 1100 4010 Altertums,
1121 3942 1170 3997 VI.
1190 3941 1243 3996 Bd.
1275 3943 1301 3996 ὅ.
1324 3941 1401 3996 Aufl.

226 4031 346 4104 Leipzig
366 4035 443 4102 1882,
462 4051 489 4104 p.
508 4034 573 4100 452)
592 4039 706 4088 secutus
726 4039 778 4089 est.
813 4084 814 4088 ,

332 4139 360 4210 2)
379 4142 503 4196 Versum
522 4144 571 4197 Εἰς
584 4140 666 4210 ἔργον
685 4133 796 4192 σὀὐιίὲν
809 4134 977 4211 γιγνόμενον
988 4142 1099 4208 βλέπετε
1113 4143 1210 4192 utrum
1224 4138 1402 4194 Plutarchus

226 4247 264 4284 an
283 4229 344 4284 eius
363 4229 472 4284 librarii
491 4227 650 4298 omiserint,
670 4228 707 4282 ad
725 4247 786 4284 rem
799 4229 872 4284 hihil
891 4229 1003 4284 attinet.
1031 4229 1130 4299 Neque
1143 4227 1172 4281 id
1185 4226 1257 4281 satis
1272 4233 1402 4300 apparet,

225 4337 297 4373 num
315 4324 391 4374 recte
409 4317 458 4372 ille
476 4318 600 4372 alterum
619 4317 763 4372 distichon
776 4311 871 4389 ’Υμών
891 4311 957 4376 δἐίς
976 4337 999 4371 κ.
1019 4337 1041 4370 τ.
1061 4320 1083 4370 ί.
1103 4321 1169 4387 post
1189 4315 1315 4371 alterum
1335 4323 1403 4381 „En

226 4401 280 4480 γὰρ
299 4407 445 4478 γλῶσσαν(
464 4407 599 4478 posuerit.

332 4511 360 4585 3)
380 4514 430 4572 cfr.
450 4514 503 4570 Th.
523 4513 607 4568 Kock
626 4521 723 4570 annot.
743 4515 780 4570 ad
799 4514 945 4587 Aristoph.
965 4515 1033 4570 nub.
1052 4533 1079 4570 v.
1101 4514 1153 4568 160
1171 4517 1200 4568 et
1218 4513 1300 4568 2080.
