3086 5134
736 295 777 366 13

177 521 212 582 et
235 515 371 582 Chiloni
395 513 607 581 addicuntur.
655 514 754 594 Quod
781 521 820 579 ut
843 537 863 579 a
886 513 1114 600 compluribus
1138 513 1340 598 auctoribus,

176 632 225 696 ita
248 632 289 698 ab
312 632 449 718 Ephoro
474 631 576 698 scribi
598 632 723 718 potuit.
762 629 902 695 Etenim
918 629 980 695 hae
1003 651 1114 714 voces,
1139 651 1342 716 quamquam

176 748 236 812 alii
258 747 335 812 aliis
370 747 580 834 sapientibus
614 748 818 831 tribuerunt,
847 752 964 812 tamen
985 745 1139 833 plerique
1162 747 1342 832 scriptores

177 863 381 928 substituere
415 863 553 929 Chiloni
585 871 625 929 ut
658 863 790 928 homini
824 862 962 928 Laconi.
1008 863 1128 948 Itaque
1155 862 1219 928 hoo
1243 885 1360 950 argu·-

177 985 292 1044 mento
320 966 409 1043 nihil
437 978 594 1045 efficitur.
642 979 711 1046 Sed
734 978 824 1064 quod
846 979 884 1043 in
907 976 1099 1064 fragmento
1125 979 1177 1062 10,
1203 981 1232 1062 1,
1256 981 1276 1048 2
1301 978 1343 1044 de

177 1095 254 1160 odio
288 1094 325 1159 in
359 1101 561 1180 perpetuum
594 1096 632 1160 in
666 1096 787 1160 Persas
827 1093 1056 1180 suscipiende,
1093 1094 1183 1180 quod
1219 1095 1342 1162 Graeci

176 1211 323 1275 Plataeis
357 1210 522 1276 iuravisse
555 1211 724 1295 dicuntur,
758 1216 932 1275 narratum
964 1209 1129 1294 videmus,
1155 1211 1342 1281 certissime

177 1325 314 1412 Ephoro
349 1325 611 1392 abiudicandum
646 1333 707 1392 est.
753 1327 872 1411 Neque
907 1325 1000 1390 enim
1022 1325 1191 1391 Diodorus
1221 1327 1257 1392 in
1279 1350 1342 1392 un-

177 1440 309 1506 decimo
332 1441 419 1506 libro
443 1439 516 1528 (XI,
540 1443 593 1526 29,
618 1439 653 1523 3)
675 1441 776 1508 huius
799 1441 864 1526 rei,
889 1464 966 1507 cum
989 1449 1235 1507 sacramentum
1258 1443 1345 1516 illud

177 1557 208 1621 si
240 1557 488 1642 Volquardseni
515 1557 618 1624 fidem
646 1557 777 1622 faciunt
805 1563 1014 1642 argumenta,
1040 1558 1177 1644 Ephoro
1210 1565 1345 1624 auctore

177 1673 319 1738 verbum
344 1673 386 1739 de
408 1674 511 1739 verbo
527 1673 742 1758 exscriberet,
766 1674 975 1740 mentionem
990 1674 1082 1740 feeit.
1123 1674 1216 1739 Talis
1232 1681 1346 1744 autern

177 1790 412 1875 repugnantia,
448 1789 538 1854 haud
572 1791 682 1856 aliena
711 1790 770 1854 illa
800 1791 937 1876 quidem
972 1813 991 1854 a
1018 1790 1159 1855 Diodori
1195 1792 1345 1878 ingenie,

178 1903 220 1969 ab
243 1905 380 1991 Ephoro
406 1907 507 1991 plane
541 1906 707 1972 abhorret.
753 1907 834 1972 Jam
860 1929 941 1971 vero
969 1907 1007 1970 in
1029 1905 1223 1992 fragmento
1250 1908 1299 1992 10,
1325 1909 1345 1972 3

179 2020 334 2086 Chilonis
351 2021 437 2086 scita
452 2021 602 2107 speciose
618 2029 856 2111 comparantur
872 2045 948 2087 cum
965 2022 1082 2086 Croesi
1098 2021 1210 2106 donis;
1235 2045 1346 2108 neque

179 2240 281 2312 plicari
302 2240 392 2296 latine
415 2241 509 2298 vertit.
547 2241 612 2298 Hoc
634 2259 704 2297 sane
722 2242 868 2314 colligitur
886 2260 901 2298 e
919 2241 1052 2296 Platonis
1069 2241 1216 2312 republica
1234 2241 1346 2315 (sesa),

180 2347 237 2400 quo
264 2329 327 2384 loco
355 2331 509 2402 opponitur
535 2323 568 2384 τὰ
593 2325 677 2384 αὑτοῦ
699 2325 828 2402 πράττειν
849 2331 886 2386 ib.
905 2330 986 2384 444b
1015 2323 1347 2404 ἆλλοτριοπραγμοσύνης.

180 2417 304 2489 Gorgias
323 2420 403 2474 5261)
423 2425 451 2473 et
469 2419 591 2490 Apolog.
612 2420 688 2474 Socr.
707 2419 775 2474 310
794 2438 969 2492 quamquam
987 2419 1041 2474 hoc
1059 2420 1122 2474 loco
1141 2420 1272 2476 Socrates
1291 2423 1346 2478 irc·

178 2506 243 2562 nice
262 2507 296 2561 de
315 2525 345 2562 se
363 2508 425 2579 ipso
445 2509 528 2563 dixit.
557 2507 664 2564 Confer
682 2509 868 2581 Aristophan.
887 2509 1008 2564 Plutum
1026 2509 1078 2563 919
1097 2509 1132 2563 de
1150 2512 1348 2582 sycophantis,

179 2596 233 2650 931
259 2589 404 2667 τάλλότρια
432 2591 566 2668 πράττων.
615 2599 680 2652 Ηοο
707 2599 780 2652 hene
803 2599 840 2652 ad
862 2598 1053 2668 Anacharsin,
1081 2598 1229 2654 hominem
1252 2619 1348 2656 rerum

179 2684 340 2740 alienarum
353 2686 546 2757 curiosiorem,
565 2705 595 2742 se
608 2687 814 2742 accommodat.
848 2686 987 2742 Attamen
1009 2687 1081 2742 illud
1104 2691 1349 2762 πολυπραγμονεῖν

179 2773 265 2844 plane
284 2773 363 2828 aliud
381 2775 545 2846 significare
563 2776 665 2847 potuit.
691 2777 759 2830 Her.
772 2775 827 2844 III,
847 2777 919 2844 15,4
938 2777 1006 2829 ἔνθα
1025 2775 1073 2829 τοῦ
1092 2776 1193 2828 λοιποῦ
1212 2777 1346 2843 διαιτᾶτο,

179 2861 251 2930 ἔχων
270 2855 352 2914 οὐδὲν
369 2869 462 2930 βίαιον
480 2869 505 2917 ελ
524 2863 555 2916 dl
574 2868 621 2916 καὶ
645 2857 783 2931 ἠπιστήθη
795 2857 834 2936 μή
848 2868 1103 2938 πολυπρηγμονέειν
1116 2863 1235 2936 (scilicet
1247 2867 1348 2924 Psam-

178 2950 317 3021 menitus)
329 2993 334 3005 .
423 2953 487 3008 Hoc
511 2953 695 3025 grammatici
719 2953 802 3007 novis
826 2954 912 3008 rebus
930 2955 1044 3010 studere
1062 2955 1245 3026 interpretati
1270 2964 1347 3014 sunt.

178 3039 235 3094 Sed
260 3040 316 3096 hoc
340 3060 399 3096 non
421 3057 539 3114 prorsus
557 3048 634 3098 recte
653 3060 769 3098 versum
788 3049 840 3098 est.
876 3043 1090 3099 Psammenitus
1108 3044 1165 3098 nisi
1182 3045 1286 3102 fuisset
1303 3047 1347 3102 in·

179 3129 266 3200 genio
285 3131 391 3202 mobili,
411 3133 488 3202 quod
505 3131 649 3204 quiescere
668 3132 798 3202 nesciret,
819 3152 836 3187 a
854 3151 922 3205 rege
940 3134 1096 3188 Persarum
1113 3134 1248 3206 Aegypto
1267 3154 1347 3208 prae-

178 3217 275 3273 fectus
294 3226 376 3274 esset.
401 3221 438 3274 cf.
456 3221 573 3276 Diodor.
593 3222 661 3291 XII,
682 3223 723 3291 19,
744 3223 758 3274 1
778 3209 1020 3294 πολυπραγμονῶν
1037 3214 1071 3274 τὰ
1088 3215 1158 3275 κατὰ
1175 3217 1223 3290 τὴν
1242 3219 1346 3278 στάσιν.

178 3308 275 3379 Atque
299 3309 376 3364 idem
399 3309 544 3381 significat
567 3311 643 3381 apud
666 3311 889 3382 Xenophontem
912 3311 1025 3366 Hellen.
1045 3311 1068 3380 I,
1087 3313 1111 3382 6,
1131 3313 1148 3367 3
1168 3306 1200 3365 οὗ
1220 3318 1349 3385 φαμένου
1409 3310 1411 3314 ’

180 3395 212 3450 δὲ
236 3396 284 3450 τοῦ
302 3392 472 3470 Λυσάνδρου
494 3403 752 3471 πολυπραγμονεῖν,
778 3389 861 3454 lituos
886 3391 1017 3472 ἄρχοντος
1036 3420 1059 3453 κ.
1081 3421 1103 3453 τ,
1123 3404 1145 3453 λ.
1175 3401 1245 3472 (non
1264 3404 1347 3459 novis

178 3485 265 3540 rebus
284 3486 418 3558 studere.)
454 3488 519 3542 Hoc
537 3507 623 3543 sensu
642 3490 754 3546 Goethe
772 3509 800 3546 v.
819 3492 854 3545 29
874 3490 916 3544 ed.
936 3490 1059 3561 Hempel
1078 3509 1105 3561 p.
1126 3492 1176 3545 117
1196 3491 1231 3546 de
1251 3494 1348 3562 „welt-

178 3575 313 3646 thatigen
331 3575 469 3632 Ma'nner“
490 3577 575 3648 dixit,
601 3596 672 3649 quos
692 3579 765 3648 „den
784 3577 957 3634 Gelehrten“
982 3579 1108 3650 opponit.
1146 3579 1254 3645 Quodsi
1277 3581 1348 3636 haec

178 3665 260 3720 verbi
279 3665 324 3720 vis
343 3672 399 3736 est,
424 3685 520 3722 nonne
538 3668 630 3722 multo
649 3668 742 3739 magis
761 3668 797 3722 ad
816 3667 1020 3738 Athenienses,
1047 3687 1169 3740 quorum
1187 3671 1346 3741 πολυπραγ-

179 3747 288 3826 μοσύνη
307 3755 337 3808 in
356 3757 539 3827 proverbium
558 3757 637 3827 abiit,
656 3775 715 3812 non
733 3756 764 3810 in
784 3756 926 3826 Solonem,
945 3757 994 3828 qui
1012 3763 1107 3811 totam
1124 3757 1347 3814 Atheniensium

179 3844 386 3916 rempublicam
404 3852 433 3900 et
452 3851 680 3902 commutaverat
698 3851 727 3900 et
745 3845 873 3902 stabilire
892 3847 1051 3917 studuerat,
1071 3846 1210 3917 quadrat?
1238 3847 1296 3904 Ofr.
1311 3849 1346 3904 de

179 3932 235 3987 hac
255 3933 389 4006 opinione
411 3935 539 4006 Thucyd.
559 3935 582 4004 I,
602 3935 693 4006 70.,9;
717 3927 784 3988 ὥστε
805 3938 883 3992 εἴτις
903 3927 1000 3992 αὐτοὺς
1019 3927 1133 3994 ξυνελών
1157 3942 1233 4005 (γαίη,
1258 3956 1345 4006 πεφυ-

180 4025 258 4074 κέναι
277 4024 322 4074 ἐπὶ
340 4022 378 4091 τῴ
395 4017 463 4095 μήτε
478 4010 620 4094 adron<
684 4017 801 4093 ἡσυχίαν
819 4016 888 4095 μήτε
906 4015 969 4081 τοὺς
989 4014 1085 4081 ἅλλους
1104 4017 1266 4094 ἀνθρώπους
1289 4023 1345 4089 ἐᾶν,

181 4104 272 4181 ὀρθῶς
296 4104 329 4164 ἄν
352 4117 434 4166 εἴποι.
472 4114 573 4168 Potuit
600 4114 691 4185 igitur
718 4115 789 4168 haec
816 4113 916 4168 fabula
941 4113 1036 4166 addici
1059 4119 1088 4167 et
1106 4113 1204 4173 Soloni
1223 4113 1346 4168 et.Ana-

181 4201 313 4256 charsidi.
340 4200 482 4258 Concessa
494 4203 584 4274 igitur
597 4203 739 4275 opinione,
759 4221 845 4274 quam
865 4202 899 4256 de
912 4201 1017 4256 Solone
1032 4201 1148 4274 protuli,
1167 4220 1225 4256 non
1238 4207 1346 4258 temere

180 4288 339 4346 inseremus
357 4291 490 4347 Solonem
509 4311 559 4363 pro
578 4292 774 4348 Anacharside
792 4291 823 4345 in
841 4290 980 4361 Diogenis
998 4291 1102 4346 locum.
1140 4291 1249 4346 Eadem
1269 4293 1345 4347 enim

180 4396 226 4432 res
243 4379 340 4434 nescio
359 4398 396 4434 an
415 4383 450 4437 ab
469 4381 545 4451 aliis,
569 4382 613 4436 uti
631 4381 694 4436 fieri
712 4381 784 4435 solet
802 4380 833 4434 in
852 4379 897 4434 his
916 4385 1027 4451 septem
1045 4379 1212 4451 sapientum
1231 4379 1345 4456 fabulis,

181 4468 288 4540 Soloni,
306 4471 341 4526 ab
360 4470 424 4526 aliis
442 4470 632 4526 Anacharsidi
649 4471 808 4526 euletituta
826 4469 872 4528 sit.
