3086 5134
736 184 948 286 Ar-

257 422 295 467 ac
317 400 481 488 ineptum,
506 407 677 468 auctorem
701 402 906 488 significant,
932 403 991 489 qui
1014 402 1123 490 magis
1140 399 1264 468 fabulis
1280 425 1318 467 eo
1335 424 1422 468 com-

255 518 380 582 mentis
405 539 541 604 operam
566 517 670 582 dedit.

360 643 434 708 Iam
457 665 538 708 vero
562 641 685 726 fabula,
711 664 811 727 quem
835 643 964 728 dicunt,
988 643 1214 708 Romanensie
1235 643 1276 708 de
1292 642 1423 729 tripode

255 758 400 823 eundem
422 758 562 845 respicit
585 766 766 823 auctorem.
810 759 951 823 Etenim
975 759 1097 824 Graeci
1121 758 1203 822 eatis
1225 757 1423 823 recentioris

254 871 375 939 aetatis
404 895 477 938 eam
505 874 541 938 in
571 874 703 938 deliciis
730 873 893 938 videntur
920 874 1088 939 habuisse.
1136 875 1184 939 Et
1206 873 1312 938 fuisse
1335 875 1424 939 inter

254 989 407 1075 singulas
432 989 590 1054 civitates
614 1011 772 1074 magnam
796 989 837 1053 de
861 989 919 1053 illo
943 989 1196 1054 contentionem
1219 991 1301 1054 satis
1325 991 1423 1057 multi

253 1110 405 1169 auctores
434 1112 687 1172 enarraverunt.
735 1106 802 1171 Suo
830 1127 981 1190 quaeque
1010 1105 1092 1189 civi,
1129 1105 1188 1190 qui
1222 1105 1259 1170 in
1294 1113 1424 1192 septem

253 1220 453 1306 Sapientum
475 1243 617 1285 numero
633 1221 770 1286 babitus
791 1227 873 1304 erat,
897 1220 1059 1285 honorem
1076 1242 1114 1284 ac
1129 1220 1274 1305 gloriam
1290 1220 1423 1307 sapien·

252 1335 378 1400 tissimi
412 1342 446 1400 et
480 1335 724 1400 modestissimi
759 1336 909 1402 tribuere
944 1335 1061 1401 sedulo
1096 1335 1237 1402 studuit.
1289 1335 1424 1413 Quanta
1529 1331 1530 1354 ³

252 1451 406 1536 ambiti0,
443 1451 533 1536 quod
566 1451 778 1538 principatus
814 1451 966 1516 studium
995 1449 1132 1516 Graecis
1161 1451 1257 1535 quasi
1281 1451 1424 1516 insitum

251 1566 310 1651 sit,
339 1567 414 1652 quis
443 1573 509 1652 est,
538 1568 597 1652 qui
625 1567 769 1652 ignoret.
817 1566 985 1631 Civitates
1020 1567 1227 1632 Graecorum
1262 1566 1424 1650 quamdiu

250 1681 438 1746 floruerunt
462 1706 499 1747 ac
522 1683 720 1768 viguerunt,
743 1683 807 1747 hoc
830 1681 981 1746 studium
1004 1683 1153 1769 optimus
1178 1683 1321 1768 quisque
1341 1682 1422 1746 sati-

249 1819 305 1862 are
328 1798 440 1883 potuit
463 1804 497 1862 et
520 1799 659 1864 satiavit
682 1798 828 1884 publicis
851 1798 1021 1864 laboribus
1045 1805 1079 1862 et
1101 1798 1268 1884 operibus
1301 1797 1422 1862 Liber·
1530 1801 1531 1818 ³

250 1918 321 1977 tate
345 1920 460 2000 erepta
483 1937 559 1979 oum
583 1936 700 1979 omnes
723 1913 805 1979 boni
826 1914 1032 2000 erepublica
1048 1914 1198 2000 gerenda
1212 1913 1421 1998 recederent,

251 2051 365 2093 eorum
393 2029 506 2094 studia
534 2030 571 2094 in
599 2029 814 2114 antiquitatis
842 2030 1038 2095 memoriam
1067 2028 1296 2115 indagandam
1324 2028 1422 2094 effer·

249 2144 442 2209 vescebant.
476 2146 647 2211 Nimirum
671 2146 763 2210 enim
786 2146 853 2210 viri
875 2145 1006 2232 patriae
1030 2151 1183 2210 amantes
1207 2144 1422 2230 splendorem
1531 2169 1532 2190 1

249 2281 288 2324 11
311 2261 455 2344 gloriam
483 2267 674 2348 temporum
701 2262 960 2347 praeteritorum
995 2283 1074 2325 suae
1109 2261 1252 2346 quisque
1287 2260 1422 2325 civitati

248 2376 399 2440 tribuere
426 2377 567 2442 studuit.
614 2377 730 2443 Rebus
758 2377 799 2442 ab
828 2375 1023 2441 Alexandro
1046 2377 1171 2461 Magno
1198 2377 1285 2441 bene
1313 2377 1422 2462 gestis

251 2514 316 2578 quo
339 2493 449 2578 magis
479 2493 618 2557 evanuit
644 2492 813 2556 libertatis
841 2514 931 2578 spes,
967 2514 1005 2556 eo
1042 2490 1229 2556 sedulosius
1264 2490 1420 2556 homines

249 2607 392 2693 ingenui
415 2608 469 2672 his
493 2631 629 2694 operam
653 2609 775 2674 dedere
800 2607 933 2676 studiis,
979 2609 1031 2672 Ea
1058 2607 1164 2692 igitur
1192 2613 1315 2692 aetate,
1353 2630 1420 2692 qua

249 2725 466 2809 Megarenses
474 2719 514 2807 ¹),
544 2723 729 2808 Corinthii,
764 2723 898 2788 Boeotii
934 2746 1010 2790 cum
1044 2723 1135 2788 inter
1170 2745 1205 2787 se
1240 2730 1314 2788 tum
1341 2745 1420 2788 cum

249 2839 517 2904 Atheniensibus
550 2861 620 2903 non
647 2839 760 2904 minus
788 2838 906 2904 acerbe
929 2862 990 2926 per
1016 2839 1162 2923 litteras,
1199 2861 1300 2923 quem
1335 2839 1420 2902 olim

247 2977 309 3040 per
342 2955 414 3020 vim
450 2955 625 3020 certabant
659 2955 700 3020 de
735 2955 899 3020 maiorum
933 2955 1056 3040 gloria,
1091 2954 1155 3018 hec
1189 2953 1307 3020 eadem
1341 2952 1419 3018 dico

247 3076 357 3136 aetate
393 3069 507 3136 fabula
541 3071 599 3136 1111
635 3077 750 3136 exorte
784 3070 921 3136 videtur
949 3093 1021 3136 esse
1050 3069 1092 3134 de
1115 3070 1259 3155 tripode.
1309 3068 1420 3146 Quam

247 3185 396 3252 fabulam
432 3194 514 3270 quot
547 3209 660 3250 rerum
695 3187 874 3273 scriptores
910 3192 945 3250 et
971 3185 1185 3250 narraverint
1213 3191 1248 3250 et
1275 3207 1418 3251 exorna-

247 3302 370 3386 verint,
396 3327 414 3366 e
437 3303 542 3367 variis
565 3302 772 3388 perspicitur
795 3302 928 3368 fabulae
952 3301 1080 3366 formis
1120 3301 1244 3366 Totum
1267 3323 1349 3366 vero
1374 3301 1419 3368 (11

246 3419 380 3504 tripode
414 3417 539 3482 librum
573 3418 733 3503 Andron,
767 3418 916 3482 incertae
944 3416 1068 3498 aetatis
1101 3422 1231 3500 auctor,
1266 3417 1417 3504 scripsit.

245 3535 428 3620 Tripodem
444 3534 512 3618 alii,
531 3535 591 3598 alii
606 3534 766 3620 phialam,
782 3534 941 3620 poculum
958 3532 1027 3616 alii,
1048 3531 1107 3596 alii
1123 3531 1217 3596 aliud
1232 3531 1417 3598 finxerunt.
1434 3614 1435 3618 Ἰ

244 3632 318 3714 Iam
340 3650 489 3736 primum
505 3651 678 3736 Diogenes
703 3655 736 3714 et
752 3649 923 3714 Diodorus
947 3649 984 3716 iu
1008 3670 1047 3714 eo
1071 3647 1300 3731 consentiunt,
1325 3646 1419 3731 quod

244 3771 386 3850 uterque
410 3765 526 3831 Soloui
549 3765 658 3851 primo
682 3765 829 3852 palmam
853 3764 957 3829 dedit.
990 3762 1057 3829 Sed
1077 3763 1114 3826 in
1134 3763 1315 3828 verborum
1335 3784 1418 3828 con·

244 3903 363 3946 sensus
386 3881 606 3965 inquiramus

242 4109 454 4120 m

349 4253 376 4319 1)
395 4250 619 4323 Aristophanem
639 4250 774 4308 Boetium
792 4251 880 4323 (Plut.
900 4251 935 4308 de
954 4252 1023 4306 Her.
1042 4250 1110 4308 mal.
1124 4268 1147 4306 c.
1158 4249 1192 4306 31
1203 4269 1230 4322 p.
1239 4250 1294 4306 864
1301 4248 1431 4321 B-o)..

241 4337 431 4398 Dieuohidam
450 4341 658 4412 Megarensem,
678 4342 726 4412 qui
746 4341 1047 4414 Atthidographorum
1064 4339 1146 4396 fuere
1164 4339 1304 4414 aequales
