3094 5030
723 271 763 340 17

632 362 845 372 -————--

152 487 319 574 Diogenis
347 487 485 574 quidem
511 488 660 554 narratio
687 488 773 554 miro
800 489 930 555 laborat
953 511 1074 556 errore.
1121 489 1261 555 Etenim
1285 495 1321 556 et

154 604 276 690 Satyro
304 611 338 670 et
364 603 561 670 Phanodieo
584 605 778 670 auctoribus
805 605 959 690 virgines
987 607 1045 672 vel
1071 610 1169 693 pater
1198 627 1322 690 earum,

152 719 254 786 homo
283 704 414 786 scilicet
436 719 640 805 Messenius,
674 719 793 785 Bianti
820 721 954 807 tripoda
981 721 1200 788 tribuendum
1227 744 1322 786 oura-

152 842 286 902 verunt.
333 836 504 922 Diogenes
528 841 642 900 autem
666 841 699 901 et
726 835 764 901 in
791 836 944 902 Thatelis
966 837 1039 903 vita
1063 837 1092 919 (I
1113 835 1205 917 §BD
1228 842 1264 902 et
1286 837 1324 902 in

152 951 289 1018 Biantis
323 951 458 1039 tripoda
492 945 526 1010 ἐν
557 940 718 1035 Ἀθήναις
751 952 808 1018 vel
843 945 922 1038 περί
953 944 1013 1038 τὴν
1044 951 1110 1012 τῶν
1134 941 1324 1036 Ἀθηναίων

152 1059 326 1128 θάλατταν
360 1067 540 1132 inventum
574 1089 647 1131 esse
682 1066 834 1157 tradidit.
887 1067 978 1148 Quid
1012 1073 1126 1134 autem
1159 1069 1324 1134 Messenii

154 1181 220 1248 sibi
254 1183 375 1248 volunt
408 1181 576 1248 Athenis?
624 1181 714 1259 Quid
742 1188 814 1248 erat
842 1205 977 1267 causae,
1008 1207 1066 1250 our
1094 1183 1323 1250 Athenienses

154 1299 312 1366 Solonem
339 1303 583 1386 postponerent
609 1296 748 1362 Bianti?
794 1299 916 1365 Nonne
945 1299 986 1364 de
1013 1294 1145 1366 iilo'eis
1170 1299 1322 1386 cogitan-

154 1413 235 1480 dum
264 1421 349 1500 erat,
385 1414 445 1500 qui
471 1413 700 1478 Athenienses
728 1413 863 1502 tripoda
889 1415 1106 1482 invenientes
1129 1415 1323 1482 finxerunt?

153 1529 312 1615 Accedit,
352 1529 442 1615 quod
476 1528 669 1615 DiogeneS,
705 1537 745 1596 ut
777 1530 962 1616 Diodorus,
998 1532 1139 1598 alteram
1173 1531 1324 1598 fabulam

154 1646 295 1712 annexit
317 1644 426 1712 alteri.
457 1645 524 1710 Pro
543 1651 634 1710 certo
650 1645 758 1742 igitur
773 1646 890 1732 habeo,
913 1647 1079 1733 Diogenis
1095 1647 1324 1713 narrationem

153 1784 214 1848 per
229 1761 358 1828 rivulos
374 1761 488 1826 nescio
505 1783 587 1846 quos
604 1783 646 1826 ex
662 1759 780 1826 eodem
795 1760 899 1846 fonte,
923 1784 988 1848 quo
1003 1763 1156 1848 Diodori,
1174 1763 1322 1828 fluxisse.

155 1877 365 1966 Quamquam
389 1899 501 1961 eausa,
536 1899 594 1942 cur
616 1877 788 1963 Diogenes
811 1900 872 1964 pro
896 1879 1120 1966 piscatoribus
1143 1879 1323 1944 Messeniis

153 1993 383 2060 Athenienses
406 1991 573 2079 posuerit,
603 2015 724 2078 parum
751 2000 900 2080 apparet.
947 1993 1187 2060 Desideramus
1211 2001 1324 2060 autem

153 2111 190 2174 in
217 2108 359 2174 Diodori
389 2109 557 2194 excerptis
584 2107 733 2174 saboiam
757 2109 798 2174 de
821 2110 957 2176 Biantis
982 2134 1057 2176 cum
1079 2110 1221 2196 Alyatte
1246 2133 1323 2177 con-

154 2224 343 2310 suetudine,
369 2245 470 2310 quam
492 2224 665 2310 Diogenes
690 2225 816 2291 diserte
840 2227 1005 2314 exposuit.
1059 2228 1152 2304 Quae
1187 2226 1325 2312 quidem

154 2341 245 2428 apud
267 2340 358 2406 hunc
382 2340 424 2405 de
446 2339 583 2404 Biantis
607 2342 814 2428 eloquentia,
848 2343 994 2428 iustitia,
1025 2365 1156 2408 morum
1179 2343 1323 2427 integri-

153 2461 225 2523 tate
254 2462 386 2540 extant,
416 2455 533 2522 eadem
556 2455 726 2522 Diodorus
754 2459 943 2544 respexisse
967 2457 1112 2525 videtur.
1161 2457 1324 2547 Conferas

153 2572 258 2638 velim
280 2572 382 2659 Diog.
406 2572 434 2654 Ι,
458 2573 515 2638 84:

193 2713 269 2787 Ὅτι
293 2715 377 2798 Βίας
400 2705 439 2808 ἦν
462 2713 686 2797 δεινότατος
837 2719 983 2807 Λέγεται
1029 2718 1066 2786 δέ
1110 2719 1168 2786 καὶ
1210 2717 1324 2798 δίνας

153 2833 211 2902 καὶ
233 2839 285 2922 τῷ
307 2831 406 2922 λόγῳ
429 2830 606 2923 πρωτεύων
621 2837 687 2899 τῶν
794 2833 1019 2915 δεινότατος
1061 2833 1222 2922 γεγονέναι
1267 2833 1323 2902 εὶ-

153 2945 685 3040 aarr’tavrtvaaveyprfoacodeep
793 2957 897 3018 πεῖν·
924 2950 978 3017 ἐπ’
996 2947 1116 3038 ἀγαθῷ
1132 2949 1167 3017 δὲ
1184 2956 1230 3040 τῇ
1253 2956 1324 3017 τῶν

153 3063 687 3152 τοῦλένεινδννάμειπολλοῖς
793 3064 915 3154 λόγων
939 3063 1044 3150 ἰσχύι
1067 3072 1280 3158 προσεχρῆτο.

154 3177 335 3248 ἀνάπαλιν·
355 3175 392 3248 οὗ
405 3178 464 3267 γᾶς
477 3178 523 3260 εἰς
538 3187 685 3270 μισθαρ-

153 3295 226 3364 νίαν
248 3296 321 3364 ουδὲ
342 3294 389 3375 εἰς
410 3293 596 3386 προσόδους
612 3291 684 3362 ἀλλ’

153 3411 201 3492 εἰς
213 3409 271 3504 τὴν
283 3416 347 3478 τῶν
359 3407 580 3496 ἀδικουμένων
591 3437 687 3479 κατε-

152 3527 270 3595 τίθετο
293 3525 464 3620 βοήθειαν.

262 3685 470 3772 Fragmenta
502 3689 615 3750 autern
650 3685 715 3770 (14,
741 3684 770 3747 1.
795 3682 829 3765 23
857 3676 911 3764 15)
936 3701 1021 3765 quae
1045 3683 1246 3763 sequuntur,
1281 3678 1325 3744 ad

154 3806 286 3888 septem
310 3800 511 3887 Sapientem
534 3799 664 3866 fabulas
688 3799 859 3886 pertinere
888 3795 972 3861 scite
996 3793 1142 3860 editores
1165 3816 1324 3880 perspex-

152 4102 212 4140 non
241 4083 334 4140 video¹
390 4082 587 4154 Quamquam,
613 4080 690 4154 quod
707 4079 852 4136 Diodorus
880 4077 950 4134 dicit
981 4068 1074 4148 „napis
1104 4072 1235 4147 spara&
1266 4073 1324 4131 vir·

152 4173 236 4246 gines
262 4191 321 4244 non
347 4172 422 4228 bello
453 4171 630 4226 Messeniaeo
661 4176 760 4242 captas
785 4186 846 4224 esse
870 4167 1067 4224 demonstrare
1091 4164 1214 4221 videtur.
1270 4162 1326 4218 Sed

152 4261 248 4334 potuit
256 4261 362 4333 Myron
380 4261 411 4315 in
430 4266 559 4316 extremo
578 4260 652 4316 libro
671 4264 763 4314 sortes
778 4257 902 4314 Messeni
922 4275 987 4310 rum
1000 4255 1090 4310 altero
1103 4253 1177 4309 bello
1191 4251 1325 4308 confecto

152 4369 279 4406 narrare.
293 4351 352 4406 Res
364 4356 520 4421 utcumque
532 4367 562 4405 se
574 4349 671 4419 habet,
684 4347 843 4403 Diodorum
856 4275 1082 4627 οὶὶίγτοοοιο
1091 4343 1188 4416 ipsum
1199 4342 1250 4398 sed
1262 4341 1325 4397 fon-

152 4445 213 4496 tem
232 4439 394 4496 derivatum
413 4439 549 4496 accivisse
567 4443 638 4511 puto
657 4437 709 4494 cfr.
727 4437 804 4492 infra
822 4455 864 4509 pr.
921 4411 989 4518 Ab

873 4531 876 4548 ’
1149 4541 1166 4598 2
