3086 5134
825 231 853 292 8,

250 439 596 530 protulit,'dieentem
618 442 728 509 finxit.
737 438 761 522 1)
791 443 865 508 Hac
888 443 946 508 ille
967 443 1080 509 fabula
1095 448 1230 510 narrata
1246 442 1421 509 Phalarim

249 559 293 624 de
326 581 433 644 regno
468 557 645 644 depulsum
679 581 750 623 esse
783 559 917 624 rettulit
951 552 1021 642 (καὶ
1056 549 1204 642 Φάλαρις
1237 553 1273 620 ia
1300 550 1420 619 τούτου

250 666 348 755 λόγου
372 663 520 753 ἀπέβαλε
543 665 602 758 τὴν
624 665 824 747 dovdovctav.
858 674 925 740 Sed
944 675 1120 740 redeamus
1139 674 1182 740 ad
1196 674 1419 761 propositum.

250 789 302 856 Ac
333 791 370 854 in
397 789 589 876 fragmento
621 790 664 854 29
696 789 838 855 Adrasti
872 790 1070 876 depingitur
1103 791 1293 856 miserrima
1335 812 1419 855 sors.

250 906 318 971 Hic
346 905 596 972 animadvertas
627 905 744 970 Croesi
778 912 895 972 contra
921 904 1106 972 Adrastum
1132 906 1243 972 minas
1272 895 1421 987 (ἀπειλεῖ

251 1015 355 1096 ζῶντα
378 1011 618 1104 κατακαύσειν).
664 1021 736 1085 Has
760 1027 873 1086 autem
896 1020 1091 1088 Herodotus
1113 1022 1152 1106 (I,
1170 1023 1214 1088 44
1236 1011 1362 1100 μᾶλλόν
1385 1043 1421 1082 τι

251 1131 496 1218 ἕδεινολογεῖτο)
530 1143 588 1202 aut
621 1137 782 1222 nescivit,
819 1143 877 1202 aut
905 1136 995 1223 quod
1022 1137 1108 1202 mihi
1134 1159 1332 1224 persuasum
1356 1143 1419 1221 est,

251 1254 404 1319 consulto
427 1252 665 1338 praetermisit,
691 1251 781 1338 quod
804 1276 880 1319 eum
904 1253 1053 1318 moribus
1076 1253 1167 1339 regis
1184 1277 1204 1318 a
1220 1276 1255 1317 se
1272 1253 1420 1340 depictis

250 1369 338 1434 male
362 1374 596 1454 congruerent.
645 1369 774 1434 Tamen
798 1368 887 1454 quod
910 1368 1002 1434 idem
1026 1368 1067 1433 de
1092 1369 1209 1433 Croesi
1232 1369 1269 1433 in
1291 1369 1419 1434 Panta-

251 1486 399 1550 leontem
429 1484 630 1550 crudelitate
656 1484 812 1569 tradidit,
847 1507 964 1570 regem
1002 1508 1022 1549 a
1051 1484 1177 1550 talibus
1209 1483 1419 1553 facinoribus

249 1599 510 1686 haudquaquam
544 1601 756 1666 abhorruisse
792 1599 1010 1666 demonstrat.
1046 1601 1084 1684 (I,
1110 1601 1163 1684 92,
1190 1599 1253 1678 15).
1304 1599 1421 1684 Atque

249 1716 425 1802 Ephorum
449 1717 582 1804 saepius
611 1717 652 1782 ab
675 1716 849 1782 Herodoto
877 1716 1072 1782 discessisse
1098 1716 1190 1780 haud
1213 1717 1420 1802 ignoramus,

249 1833 327 1897 Huc
350 1833 525 1918 pertinent
548 1832 738 1917 fragmenta
762 1834 814 1917 31,
841 1833 858 1896 1
884 1834 993 1898 0132.
1026 1833 1127 1898 Caret
1150 1838 1265 1898 autem
1279 1831 1420 1896 notissi-

250 1970 344 2012 mum
366 1947 452 2012 illud
476 1948 518 2013 de
540 1948 681 2013 flumine
704 1948 876 2014 oraculum
898 1948 988 2035 apud
1010 1948 1223 2013 Herodotum
1246 1948 1284 2033 (Ι,
1308 1948 1361 2031 53,
1385 1947 1420 2027 5)

250 2063 439 2129 hexametri
472 2063 593 2148 forma,
630 2086 730 2148 quam
757 2062 927 2128 Diodorus
955 2066 1007 2149 31,
1034 2066 1051 2129 1
1081 2063 1227 2129 exhibet.
1278 2063 1421 2128 Etenim

250 2178 315 2245 duo
340 2180 473 2245 oracula
497 2178 681 2244 secundum
704 2179 916 2244 Herodotum
938 2176 974 2263 (l.
998 2176 1035 2262 1.)
1065 2179 1208 2246 Croesus
1235 2201 1304 2244 uno
1331 2185 1419 2243 tem·

249 2317 329 2382 pore
353 2294 394 2360 ab
418 2294 579 2383 Apolline
602 2296 738 2382 petivit.
784 2295 916 2360 Horum
939 2297 1044 2361 altero
1069 2295 1169 2361 deum
1191 2293 1419 2382 respondisse,

249 2417 288 2476 ut
310 2434 371 2476 rex
394 2412 615 2497 Graecorum,
650 2434 733 2497 quos
761 2411 1016 2499 potentissimos
1045 2411 1275 2497 cognovisset,
1310 2411 1420 2476 socios

250 2527 316 2592 sibi
343 2526 553 2614 adiungeret.
600 2529 674 2594 Hoc
702 2528 761 2594 ille
793 2534 930 2593 secutus
953 2529 1126 2594 oraculum
1150 2550 1227 2593 curn
1249 2526 1419 2593 Lacedae-

250 2643 375 2708 moniis
410 2643 607 2708 sooietatem
641 2644 730 2710 iniit.
766 2643 859 2723 (Her.
888 2641 925 2728 I,
951 2638 1050 2727 69.)²)
1110 2645 1181 2709 Has
1217 2648 1331 2709 autem
1364 2665 1420 2708 res

249 2781 385 2845 prorsus
424 2758 522 2824 aliter
556 2760 598 2826 ab
632 2759 770 2846 Ephoro
798 2767 969 2826 enarratas
993 2781 1080 2845 esse,
1116 2781 1135 2824 e
1161 2758 1352 2845 fragmento
1375 2759 1420 2824 32

249 2874 466 2961 perspicitur,
507 2875 597 2961 quod
632 2875 675 2941 de
708 2870 805 2958 hoo³)
845 2875 1082 2962 depromptum
1116 2897 1189 2940 esse
1226 2875 1420 2942 Klueberus

358 3121 385 3193 1)
405 3122 560 3189 Quaerenti
582 3121 655 3176 mihi
673 3123 804 3194 exempla
822 3121 909 3176 huius
926 3139 972 3177 ras
991 3121 1157 3177 conectendi
1175 3121 1288 3193 generis
1306 3138 1340 3176 ea
1358 3139 1419 3176 non

252 3211 440 3266 occurrebant
464 3211 540 3283 apud
562 3211 730 3266 Diodorum.
768 3212 867 3266 Unum
886 3211 962 3282 quod
982 3212 1019 3266 H.
1039 3211 1127 3280 Diels,
1152 3229 1209 3281 qua
1228 3216 1272 3265 est
1290 3209 1420 3280 benigni·

251 3305 323 3371 tate,
351 3318 464 3356 mecum
492 3300 731 3368 communicavit,
758 3318 932 3371 quamquam
957 3319 1016 3355 non
1043 3301 1129 3372 plane
1156 3301 1193 3355 ad
1220 3300 1275 3355 hoc
1298 3305 1419 3370 spectat,

251 3389 488 3445 commemorabo,
533 3391 569 3446 In
593 3390 667 3445 libro
693 3390 762 3458 XII,
783 3391 824 3459 11,
843 3390 862 3442 4
884 3406 925 3460 sq.
953 3389 1098 3445 Diodorus
1125 3390 1222 3462 inepte
1250 3388 1421 3445 Charondae

250 3479 362 3550 legibus
385 3478 559 3536 Thuriorum
586 3479 793 3552 rempublicam
821 3479 1009 3534 constitutam
1037 3497 1099 3535 esse
1121 3479 1260 3535 narravit.
1298 3480 1362 3534 Hac
1389 3496 1421 3534 re

250 3567 382 3640 exposita
392 3567 508 3623 Zaleuci
526 3569 604 3639 leges
624 3561 686 3636 ((1101
705 3587 732 3621 τε
751 3561 799 3634 τὴν
818 3561 922 3639 ὁμοίαν
940 3575 1105 3640 προαίρεσιν
1123 3569 1172 3622 τοῦ
1185 3575 1248 3638 βίου
1266 3572 1313 3620 καὶ
1331 3560 1361 3620 τὸ
1374 3587 1419 3638 γε·

250 3661 363 3727 γονέναι
381 3649 444 3715 τοὺς
464 3647 567 3728 ἄνδρας
585 3658 615 3709 ἐν
635 3650 749 3709 πόλεσιν
769 3650 966 3726 ἆστυγείτοσιν.
989 3659 1030 3728 12,
1050 3659 1092 3727 19,
1111 3657 1140 3729 3)
1164 3658 1348 3730 explieandas
1371 3676 1421 3712 an·

251 3745 340 3801 nexit.
377 3745 454 3799 Fieri
473 3751 571 3800 autem
589 3745 696 3818 potuit,
715 3751 749 3800 ut
767 3745 911 3800 Diodorus
928 3752 1045 3818 poetam
1062 3746 1170 3819 Aesopi
1187 3747 1311 3802 similem
1329 3747 1359 3800 in
1379 3747 1421 3801 Si·

252 3833 317 3888 cilia
334 3833 497 3888 Phalaridis
515 3834 692 3906 temporibus
710 3833 842 3890 floruisse
865 3841 895 3890 et
917 3836 953 3890 ab
972 3835 1027 3889 hoc
1044 3835 1175 3890 fabulam
1196 3837 1340 3907 prolatam
1359 3852 1421 3890 esse

251 3929 390 3978 narraret.

357 4028 385 4102 2)
405 4030 570 4086 Herodotus
596 4030 668 4085 duas
693 4031 934 4088 contaminavisse
956 4031 1072 4088 videtur
1094 4031 1287 4102 narrationem
1316 4032 1420 4087 harum

251 4120 373 4176 alteram
391 4138 409 4174 a
426 4120 606 4192 Delphorum
624 4120 781 4192 interprete
801 4121 835 4176 de
853 4139 943 4192 regno
961 4120 1102 4192 perituro,
1130 4121 1252 4176 alteram
1277 4121 1311 4176 de
1334 4119 1421 4176 sociis

251 4209 442 4281 adiungendis
455 4228 472 4264 a
484 4209 719 4265 Lacedaemoniis
738 4209 855 4282 accepit.
880 4211 966 4266 Hanc
985 4210 1020 4264 ob
1040 4227 1157 4266 causam
1176 4210 1325 4265 oraculum
1343 4210 1420 4280 apud

252 4317 318 4354 eum
335 4316 422 4354 versu
439 4297 555 4354 heroico
574 4304 660 4354 caret.

358 4403 386 4475 3)
405 4405 441 4460 cf.
460 4405 558 4477 Frgm.
578 4405 615 4460 H.
631 4406 679 4461 Gr.
699 4405 734 4460 ed
753 4406 783 4461 C.
797 4406 831 4460 A.
845 4406 897 4460 Th.
911 4405 1033 4461 Mueller
1051 4424 1077 4460 v.
1097 4406 1112 4460 I
1131 4405 1235 4477 fragm.
1251 4408 1302 4462 106
1315 4425 1341 4478 p.
1358 4406 1419 4461 137.
