3086 5134
732 305 774 368 23

159 520 208 586 21
240 541 359 586 versus
388 519 536 604 Solonis,
572 525 611 585 ut
638 521 678 584 B.
702 519 805 585 Niese
813 513 836 600 1)
865 519 1008 604 detexit,
1045 543 1121 586 cum
1156 520 1219 606 eis,
1255 543 1338 607 quos

158 636 338 722 Diogenes
362 636 488 720 attulit,
511 635 597 702 bene
622 642 822 720 congruunt.
859 636 926 700 Hic
950 643 1064 702 autem
1087 659 1270 702 consensus
1295 637 1338 703 ad

159 750 279 818 fontes
307 751 556 837 cognoscendos
586 752 642 816 vel
670 752 711 817 ob
740 752 776 817 id
803 774 965 837 magnum
992 751 1095 817 habet
1118 759 1337 839 momentum,

160 867 257 952 quod
272 867 475 932 Plutarchus
499 868 536 932 in
559 867 687 932 eisdem
710 866 864 932 versibus
888 867 1111 933 multifariam
1134 868 1176 934 ab
1192 876 1335 956 utroque

160 983 320 1048 dissidet.
368 983 436 1058 Sed
462 989 578 1048 tamen
604 983 644 1048 B.
669 983 772 1048 Niese
800 981 986 1048 Diodorum
1015 989 1049 1048 et
1076 984 1267 1070 Diogenem
1296 1008 1338 1050 ex

159 1106 302 1165 auctore
335 1099 489 1164 hausisse
523 1099 680 1185 opinatus
717 1106 782 1183 est,
819 1099 877 1183 qui
912 1099 972 1165 hos
1000 1121 1119 1164 versus
1147 1122 1189 1164 ex
1220 1100 1338 1166 eodem

160 1214 271 1300 fonte,
298 1237 363 1301 quo
386 1214 598 1300 Plutarchus,
623 1215 896 1302 deprompsisset.
932 1215 1040 1292 Quam
1057 1215 1252 1301 opinionem
1270 1238 1336 1302 quo

159 1331 287 1396 melius
323 1331 563 1416 diiudieemus,
599 1336 633 1396 et
660 1354 778 1396 versus
807 1331 897 1417 ipsos
926 1354 946 1396 a
973 1329 1119 1396 diversis
1143 1331 1335 1396 auctoribus

160 1447 309 1513 traditos
334 1447 545 1512 conferamus
570 1453 604 1512 et
628 1447 856 1532 exquiramus,
892 1469 1038 1532 quonam
1066 1445 1108 1512 de
1135 1445 1230 1512 fonte
1257 1448 1337 1512 Plu·

160 1563 302 1628 tarchus
327 1563 460 1629 Solonis
485 1564 634 1629 carmina
657 1562 911 1648 deprompserit.

272 1679 305 1744 A
320 1679 432 1764 priore
448 1679 586 1744 initium
603 1678 776 1744 faciamus.
816 1679 892 1744 Duo
909 1684 1021 1744 autem
1039 1677 1194 1764 disticha,
1212 1679 1335 1764 quibus

162 1794 270 1860 Solon
308 1794 483 1862 Pisistrati
522 1794 740 1880 tyrannidem
783 1794 992 1882 praedixisse
1035 1801 1205 1879 narratur,
1245 1795 1336 1882 apud

160 1906 380 1996 utrumque2)
404 1911 453 1976 sio
477 1916 612 1976 exarata
634 1909 803 1976 videmus:

239 2007 243 2015 ⁸
271 2015 325 2086 Ἐκ
349 2020 483 2111 νεφέλης
506 2020 643 2087 πέλειαι
666 2017 775 2104 χιόνος
797 2020 893 2105 μένος
916 2015 974 2112 ἠδὲ
995 2017 1138 2111 χαλάζης

273 2134 401 2227 Βροντὴ
424 2137 491 2203 δ’ἐκ
514 2139 670 2226 λαμπρᾶς
693 2135 815 2223 γίνεται
837 2131 1026 2226 ἀστεροπῆς

271 2246 413 2341 Ἀνδριδν
437 2252 503 2318 δ’ἐκ
525 2249 674 2339 μεγάλων
697 2249 798 2331 πόλις
822 2246 970 2318 δ’λλυται·
996 2250 1043 2332 εἰς
1066 2251 1103 2320 δι’
1124 2248 1286 2341 μονολρχου

273 2374 387 2458 Δῆμος
411 2363 537 2459 διδρειή
562 2365 758 2458 δουλοσύνην
781 2365 941 2457 saraed)

160 2489 218 2556 Ao
239 2489 487 2576 discrepantiae
509 2489 672 2575 quaedam
692 2491 931 2556 nonnullorum
949 2491 1129 2556 verborum
1149 2489 1240 2554 inter
1254 2489 1337 2554 Dio·

162 2627 288 2691 genem
312 2612 346 2671 et
368 2605 556 2671 Diodorum
580 2627 621 2670 ex
644 2605 967 2693 interpretamentis,
993 2627 1077 2691 quae
1096 2605 1230 2692 saepius
1247 2604 1338 2692 apud

275 2835 302 2903 1)
320 2835 380 2890 Zur
399 2834 571 2890 Gesohichte
584 2833 687 2890 Solone
699 2834 759 2888 nnd
771 2833 865 2890 seiner
880 2833 953 2903 Zeit,
973 2834 1145 2890 historische
1161 2834 1335 2890 Untersuch.

164 2943 224 2980 von
243 2924 382 2978 frbheren
400 2923 586 2995 Mitgliedern
606 2923 655 2978 des
667 2924 768 2978 histor.
789 2923 934 2978 Seminars
953 2942 989 2978 zu
1003 2923 1176 2978 Greifswald
1195 2943 1222 2980 u.
1242 2924 1335 2992 Bonn,

164 3014 237 3068 1882
255 3031 281 3084 p.
301 3014 380 3068 3-8.

272 3117 301 3190 2)
320 3119 372 3176 Th.
393 3121 497 3192 Bergk,
517 3121 534 3174 l.
554 3121 572 3175 l.
592 3121 678 3191 frgm.
699 3121 715 3174 9
735 3120 770 3174 cf.
790 3119 874 3191 Diog.
894 3119 917 3189 I,
937 3119 980 3174 50.

273 3227 302 3294 3)
321 3226 407 3298 Apud
425 3227 584 3281 Diodorum
604 3227 692 3282 etiam
710 3227 741 3280 hi
760 3245 860 3281 versus
879 3232 981 3281 extant
999 3232 1065 3298 post
1084 3227 1200 3282 allatos:

399 3321 470 3383 Λλης
489 3315 644 3386 δ’ἔξέραντα
664 3309 776 3387 ραίδιόν
794 3318 851 3369 ἔστι
870 3321 1019 3385 κατασχεῖν
1107 3301 1108 3306 ¹

396 3399 535 3477 Ὕστερον,
558 3399 607 3458 fill
625 3396 678 3472 ἤδη
693 3398 747 3474 χρὴ
767 3409 830 3476 περὶ
849 3398 940 3458 πάντα
959 3410 1043 3460 νοεῖν.

169 3495 225 3550 His
244 3496 274 3549 in
293 3495 424 3551 versibus
442 3501 578 3566 torquent
596 3513 627 3550 se
646 3495 781 3549 carminis
800 3494 979 3566 interpretes
1008 3496 1072 3550 Hoc
1092 3495 1127 3549 ob
1146 3493 1175 3550 id
1188 3495 1275 3548 inane
1293 3514 1340 3550 me

170 3585 286 3656 quidem
305 3584 398 3639 iudice
417 3589 468 3656 est,
488 3585 564 3654 quod
583 3590 649 3654 post
667 3602 784 3639 versum
803 3585 819 3638 b
839 3583 936 3656 (frgm.
956 3586 972 3638 9
992 3585 1078 3654 ng.)
1097 3584 1216 3638 nonulla
1235 3585 1341 3639 omissa

168 3675 228 3729 sint
246 3691 363 3729 necesse
380 3679 432 3728 est.
463 3673 583 3745 Bergkii
596 3673 775 3744 aliorumque
790 3673 971 3728 coniecturae
984 3673 1039 3730 etsi
1057 3673 1219 3744 probabiles
1238 3677 1341 3742 essent,

168 3769 266 3820 tamen
284 3764 357 3818 alter
378 3781 478 3818 versus
495 3756 629 3833 Ὕστερον
650 3753 705 3814 ἀλλ’
726 3763 801 3816 male
820 3782 886 3816 cum
904 3763 999 3834 priore
1012 3763 1241 3833 coniungeretur.
1271 3763 1340 3817 For-

168 3858 245 3907 tasse
255 3852 428 3906 Plutarchus
443 3851 616 3907 sententiam
631 3852 738 3906 reddit:
758 3851 814 3906 Sol.
827 3870 848 3906 c.
860 3853 895 3906 30
914 3845 956 3903 ὅτι
976 3855 1022 3902 καὶ
1041 3845 1070 3902 τό
1089 3845 1336 3923 μνημονευόμενον
1442 3905 1445 3910 ,

170 3939 245 3995 εἶπεν
264 3934 299 3999 ὠς
318 3935 428 4011 ,πρώην
446 3941 499 4012 μὲν
525 3935 727 4012 εὐμαρέστερον
755 3935 847 4000 αὐτοῖς
865 3933 895 3992 τδ
914 3939 1035 3992 κωλῦσαι
1054 3932 1101 4006 την
1119 3939 1271 4010 τυραννίδα
1295 3933 1342 4006 τὴν

170 4033 380 4100 συνισταμένην,
409 4029 458 4081 νῦν
482 4029 512 4081 δὲ
536 4024 632 4101 μεῖζόν
656 4032 713 4082 ἐστι
737 4034 784 4082 καὶ
808 4024 1001 4102 λαμπρότερον
1024 4022 1141 4096 ἐκκόψαι
1166 4033 1212 4081 καὶ
1237 4024 1342 4083 ἀνελεῖν

170 4119 339 4171 disseruisse
359 4110 408 4184 ἤδη
428 4138 451 4170 κ.
470 4139 492 4171 ι,
512 4121 534 4170 λ.
581 4101 685 4174 Nescio
713 4139 750 4174 an
773 4137 830 4174 vox
855 4113 1056 4192 εὐμαρέστερον
1082 4137 1098 4173 e
1121 4119 1250 4174 versibus
1273 4119 1343 4192 ipsis

170 4207 293 4263 fluxerit.
340 4209 403 4263 Hoc
431 4214 527 4263 autem
552 4209 697 4263 contraria
721 4208 892 4263 annectendi
916 4226 1007 4279 genus
1025 4213 1127 4279 poetae
1146 4208 1281 4279 elegiaci,
1310 4213 1343 4261 ut

169 4296 247 4351 infra
260 4297 415 4368 explicabo,
429 4297 459 4353 in
473 4297 582 4353 deliciis
596 4298 748 4352 habebant.
780 4299 852 4352 Post
864 4315 980 4352 versum
993 4297 1084 4369 igitur
1097 4301 1169 4362 Λίης
1188 4291 1343 4365 δ’ὲξέραντα

169 4391 380 4456 pentametrum
400 4393 429 4442 et
441 4389 641 4442 hexametrum
657 4387 796 4441 excidisse
808 4391 887 4457 puto.
907 4386 993 4440 Hunc
1006 4386 1178 4441 subsecutus
1191 4389 1344 4442 estPenta·

170 4481 273 4531 meter:
291 4469 431 4547 Ὕστερον,
453 4470 499 4528 ἀλλ
521 4468 571 4543 ἤδη
586 4469 639 4547 χρὴ
660 4480 726 4546 περὶ
744 4469 833 4527 πάντα
852 4481 935 4532 νοεῖν,
