3086 5134
788 267 829 330 10

699 357 910 364 --—-—-.--.-.

218 478 306 544 bene
329 477 495 563 congruit.
529 479 655 544 Confer
676 479 860 546 Isocratem
882 480 920 545 in
942 481 1112 566 Panegyr.
1138 477 1157 564 ξ
1181 481 1224 545 95
1248 470 1386 564 αἱρετώ-

219 585 311 679 τερόν
334 588 404 654 ἐστι
431 591 539 669 καλῶς
563 584 751 656 ἀποθανεῖν
773 584 795 681 ἢ
817 591 875 680 ζῆν
898 587 1047 679 αἰσχρῶς.

326 709 393 776 Sed
417 711 499 776 satis
523 711 569 776 sit
593 711 634 775 de
657 711 720 776 hae
743 712 823 777 libri
845 718 940 799 parte
964 709 998 797 (ξ
1022 713 1064 776 23
1087 735 1195 798 usque
1218 712 1261 778 ad
1277 719 1386 778 extre·

218 849 311 892 mum
344 826 492 907 librum).
549 828 603 892 Ex
628 849 694 912 qua
716 837 754 892 ut
777 851 821 892 ne
849 851 956 893 unum
987 827 1124 914 quidem
1158 829 1387 914 fragmentum

219 942 260 1007 ab
285 931 423 1029 Ephoro
448 948 541 1008 extat
564 943 721 1029 alienum,
746 944 795 1008 ita
817 945 957 1010 nonulla
980 942 1014 1029 (ξ
1038 946 1095 1028 263
1120 947 1176 1028 27;
1202 946 1303 1028 31,1;
1328 945 1385 1028 323

218 1059 274 1140 343
300 1055 411 1142 311)
443 1081 484 1124 ex
513 1058 577 1125 hoc
600 1059 720 1125 hausta
743 1083 816 1126 esse
839 1059 950 1125 lucide
974 1067 1123 1148 apparet.
1170 1059 1387 1126 Verisimilli-

219 1195 312 1239 mum
335 1174 443 1260 igitur
464 1174 601 1240 videtur
623 1175 682 1242 illo
705 1176 892 1243 Diodorum
915 1177 978 1242 hac
994 1177 1031 1242 in
1046 1177 1125 1243 libri
1141 1181 1236 1262 parte
1252 1183 1388 1242 auctore

217 1312 317 1356 usum
341 1313 422 1358 esse.
451 1327 492 1337 -

683 1474 839 1560 Caput
868 1476 927 1544 ΙΙ.

766 1619 839 1707 §r

324 1765 574 1831 Perlustrantes
609 1788 671 1831 nos
705 1766 853 1852 priorem
880 1767 903 1831 l.
930 1766 981 1831 IX
1013 1772 1145 1852 partem
1180 1763 1214 1850 (ξ
1244 1761 1388 1848 1-14)

218 1879 336 1966 fugere
363 1903 432 1946 non
462 1887 587 1968 potest,
620 1881 708 1947 hanc
731 1905 751 1946 a
772 1882 903 1967 reliqua
924 1881 1004 1946 libri
1027 1888 1124 1969 parte
1147 1904 1283 1969 prorsus
1308 1882 1388 1946 alie·

216 2019 296 2061 nam
320 2019 403 2063 esse.
449 1999 544 2064 Haec
579 1999 670 2063 enirn
694 1997 894 2084 fragmenta,
922 1999 1017 2062 nulla
1040 2004 1230 2084 temporum
1252 1997 1384 2062 ratione

218 2113 344 2198 habita,
380 2115 417 2178 in
451 2115 514 2179 hac
548 2137 584 2178 11
609 2115 813 2200 conspirant,
842 2137 947 2178 unum
975 2114 1017 2178 de
1041 2121 1170 2202 septem
1193 2115 1263 2179 illis
1288 2120 1322 2178 et
1346 2115 1388 2179 ob

218 2253 273 2294 res
296 2231 466 2317 praeclare
482 2237 595 2317 gestas
620 2236 654 2295 et
671 2231 713 2296 ob
738 2231 926 2296 sententias
949 2230 1035 2295 bene
1060 2231 1268 2316 excogitatas
1293 2253 1388 2316 prae-

221 2345 336 2411 dicari.
370 2345 539 2411 Diodorus
556 2353 668 2411 autem
685 2351 848 2431 quantum
865 2370 883 2411 e
899 2345 1102 2431 fragmentis
1127 2347 1242 2431 colligi
1265 2352 1388 2432 potest,

220 2461 442 2526 disertissime
477 2461 518 2526 de
553 2462 606 2526 his
642 2462 775 2546 fabulis,
805 2484 887 2546 quas
916 2484 1090 2545 vocamus,
1114 2462 1388 2528 Romanensibus

219 2578 356 2642 videtur
378 2579 499 2664 egisse.
539 2578 667 2672 Contra
686 2578 1017 2642 veriabsimillimum
1041 2577 1089 2662 fit,
1113 2579 1290 2664 Ephorum
1305 2577 1390 2642 item

219 2693 407 2758 sedulosius
441 2693 495 2758 his
531 2716 667 2781 operam
695 2693 829 2758 dedisse
858 2693 1067 2760 commentis.
1114 2694 1188 2757 Hae
1218 2693 1310 2758 enim
1337 2693 1387 2758 fa-

217 2810 317 2875 bulae
340 2811 432 2875 illius
459 2809 669 2897 temporibus
697 2809 850 2874 nondum
873 2810 923 2875 ita
946 2814 1103 2896 acceptae
1126 2809 1184 2880 ¹vel
1206 2810 1388 2896 populares

219 2925 381 2991 videntur
414 2925 528 2992 fuisse.
586 2927 675 2992 Nam
711 2948 827 2991 omnes
867 2948 951 3010 quos
986 2925 1171 3011 diligenter
1210 2925 1389 2990 Bohrenus

222 3041 277 3122 (cf.
302 3065 334 3130 p.
362 3044 379 3107 1
407 3043 467 3128 sq.)
503 3043 647 3108 contulit
670 3041 712 3106 de
735 3042 798 3106 hac
826 3063 863 3106 re
886 3046 1053 3125 auctores,
1090 3041 1133 3106 ad
1165 3041 1390 3128 posteriorem

220 3165 375 3244 spectant
409 3153 597 3238 aetatem1).
643 3159 712 3224 Res
746 3179 847 3244 porro
881 3157 955 3242 ipsa
988 3166 1119 3242 monet,
1153 3163 1191 3222 ut
1214 3157 1323 3242 magis
1348 3156 1390 3222 de

220 3273 432 3361 philosophis
457 3297 638 3360 eorumque
654 3273 876 3338 sectatoribus
894 3273 1090 3358 cogitemus,
1108 3296 1209 3358 quam
1225 3273 1267 3337 de
1282 3273 1389 3337 histo-

217 3389 310 3455 ricis,
357 3391 476 3475 Neque
509 3397 625 3455 tamen
648 3389 820 3476 Ephorus,
851 3395 890 3453 ut
913 3389 982 3453 iarn
1005 3412 1105 3476 supra
1129 3389 1287 3473 diximus,
1312 3388 1389 3453 illos

221 3507 401 3592 Sapientes
425 3507 562 3572 silentio
584 3505 789 3592 praeteriit..
808 3505 949 3570 Etenim
973 3505 1062 3570 sicut
1084 3505 1183 3570 Plato
1200 3507 1388 3590 Mysonem,

221 3621 269 3687 sio
292 3622 351 3687 ille
375 3621 430 3702 (of.
453 3621 565 3688 Laert.
589 3622 689 3706 Diog.
712 3621 740 3706 I,
763 3617 821 3703 41)
844 3620 1059 3686 Anacharsin
1087 3628 1217 3707 septem
1240 3621 1309 3686 illis
1333 3621 1386 3684 in-

222 3837 435 3846 ——a-———-—-

329 3994 355 4066 1)
379 3996 494 4068 Septem
525 3995 692 4067 Sapientum
724 3992 878 4064 collegium
905 3993 1037 4048 Platonis
1068 3993 1182 4048 demum
1213 3991 1391 4064 temporibus

221 4085 412 4139 constitutum
431 4103 500 4155 esse,
520 4084 596 4156 quod
614 4083 747 4140 Bohreno
768 4081 815 4152 (cf.
833 4082 852 4136 1.
871 4083 889 4136 l.
909 4101 936 4154 p.
956 4082 1001 4153 57)
1021 4082 1116 4137 visum
1136 4088 1187 4151 est,
1205 4082 1286 4135 nullo
1305 4081 1390 4134 modo

221 4179 342 4232 constat.
379 4175 455 4228 Nam
480 4192 516 4228 ex
540 4172 682 4228 Herodoti
705 4171 819 4226 silentio
844 4189 962 4242 prorsus
980 4171 1055 4226 nihil
1074 4171 1264 4242 consequitur.
1301 4169 1388 4223 Modo

220 4262 251 4317 id
269 4283 284 4318 e
302 4263 469 4320 vetustioris
489 4264 592 4318 aetatis
610 4261 749 4318 memoria
768 4261 964 4332 pertractavit,
984 4261 1059 4332 quod
1077 4278 1136 4314 non
1155 4265 1241 4314 antea
1259 4277 1384 4312 ararum

223 4353 410 4426 scriptoribus
429 4359 598 4407 enarratum
618 4359 688 4408 erat.
715 4350 952 4419 Of.Her.V1‚55
970 4341 1003 4402 τὰ
1023 4347 1054 4402 dt
1069 4339 1145 4401 ἄλλοι
1159 4342 1190 4403 οὐ
1204 4341 1384 4415 κατελάβοντο

223 4435 325 4496 τούτων
342 4435 455 4515 μνήμην
473 4435 637 4512 ποιήσομαι.
