3086 5134
697 275 735 343 19

122 516 229 579 quarn
252 493 296 559 ad
318 493 548 579 legislatorem
570 491 835 558 Atheniensium
859 496 1024 579 spectant,
1049 512 1115 575 quo
1131 489 1296 576 epistulae

122 633 260 695 quoque
284 610 416 697 spuriae
439 609 622 696 pertinent.
668 609 720 674 De
743 607 887 674 Diodori
910 606 1081 675 scribendi
1103 606 1160 672 via
1183 629 1221 672 ac
1244 629 1296 670 ra-

120 726 221 792 tione
244 748 305 812 pro
327 725 503 812 perpaucis
526 724 606 792 libri
627 724 808 791 ruderibus
829 747 900 790 non
923 724 971 790 111
995 729 1124 789 certum
1141 728 1193 788 est
1208 721 1295 786 iudi·

122 831 230 906 011111
260 841 529 928 Legislationem
552 847 664 906 autem
687 848 767 906 ante
790 840 922 907 fabulas
946 839 987 906 de
1010 845 1140 927 septem
1156 838 1296 924 Sapien-

120 957 220 1023 tibus
243 957 380 1023 videtur
403 957 613 1024 enarravisse
637 955 692 1038 (ef.
717 956 818 1042 frgm.
837 959 867 1040 1,
891 957 925 1022 3:
951 944 1003 1016 ὅτι
1028 944 1045 1015 ὁ
1069 939 1167 1028 αὐτὸς
1186 945 1298 1016 Σόλων

8 1067 9 1070 ’
122 1066 160 1132 ἐν
195 1061 235 1156 τῇ
270 1066 452 1156 νομοθεσίᾳ
484 1064 626 1157 μεγάλην
666 1063 763 1146 δόξαν
797 1061 1115 1157 περιποιησάμενος,
1157 1057 1191 1130 ἓν
1224 1069 1298 1144 ταῖς

123 1181 316 1262 ἰδιωτικαῖς
340 1178 488 1267 ὁμιλίαις
510 1185 658 1271 111).
691 1189 767 1254 Hoc
790 1209 896 1254 unum
920 1187 1101 1254 admonere
1124 1185 1297 1271 debemus,

122 1304 170 1370 de
193 1311 417 1390 tyrannorum
439 1305 512 1372 vita
534 1305 751 1390 moribusque
774 1304 816 1370 ab
840 1304 1016 1390 eclogariis
1049 1303 1138 1368 mala
1161 1301 1299 1368 fortuna

121 1420 218 1486 nihil
240 1429 436 1507 excerptum
460 1443 542 1488 esse.
590 1421 706 1488 Unum
729 1421 959 1506 fragmentum
981 1419 1113 1486 utinam
1137 1419 1178 1484 de
1201 1419 1297 1485 Peri·

122 1535 235 1602 andro
258 1542 397 1602 extaret.
430 1536 539 1614 Quam
562 1536 661 1604 facile
685 1536 849 1602 iudicium
872 1542 975 1621 esset,
1005 1536 1035 1602 si
1058 1557 1135 1602 cum
1157 1535 1298 1602 Nicolao

121 1653 338 1718 Damascene
362 1653 601 1718 conferremus.

235 1768 277 1834 In
303 1768 516 1834 restituendo
545 1775 658 1834 autem
693 1768 963 1854 fragmentorum
997 1767 1115 1838 ordine
1151 1765 1297 1834 editores

122 1885 295 1950 erravisse
318 1883 489 1950 videntur.
529 1885 669 1950 Etenim
692 1883 883 1970 fragmenta
909 1885 976 1967 1,4
998 1880 1055 1965 ((10
1072 1906 1142 1950 exe.
1160 1883 1203 1950 de
1218 1883 1298 1949 virt.

123 2007 165 2066 et
187 1999 298 2085 vitiis)
321 2007 357 2066 et
380 2002 410 2085 2,
428 2001 449 2064 5
472 2000 527 2081 ((10
544 2023 614 2066 exc.
631 2001 818 2084 Vaticanis,
844 2001 886 2066 de
902 2000 1024 2086 quibus
1040 2002 1071 2084 2,
1087 2001 1115 2066 1.
1129 2001 1159 2065 2.
1174 2001 1205 2064 3.
1218 1999 1251 2064 4.
1264 1995 1300 2083 ὅ)

122 2116 299 2182 artissime
322 2117 413 2182 inter
436 2138 472 2182 se
496 2115 687 2182 cohaerent.
733 2117 822 2182 Nam
844 2116 1035 2202 Diogenes,
1058 2122 1097 2181 ut
1119 2115 1299 2200 Diodorus,

124 2255 208 2298 curn
242 2232 377 2298 Solonis
410 2233 544 2318 legibus
577 2232 865 2317 Aristogeitcnes,
901 2231 1105 2298 Harmodios
1141 2231 1299 2298 educatos

125 2369 204 2413 0110
227 2355 425 2434 exponeret,
453 2348 603 2435 praemia
626 2348 765 2414 athletis
787 2349 844 2414 vel
867 2347 1089 2414 certaminum
1111 2346 1299 2414 victoribus

124 2463 310 2530 tribuenda
336 2465 378 2530 ab
407 2465 465 2530 illo
494 2464 663 2530 diminuta
690 2487 763 2531 esse
787 2465 884 2531 dixit.
932 2464 1095 2531 Ordinem
1119 2463 1225 2550 igitur
1249 2461 1299 2528 sie

125 2580 379 2646 restituendum
402 2603 475 2646 esse
498 2587 594 2668 puto:

237 2759 282 2845 II,
309 2760 395 2824 1-4
418 2757 474 2842 ((10
497 2761 580 2825 Exe.
597 2753 704 2842 Vat.);
728 2757 774 2844 H,
799 2761 820 2824 5
844 2757 900 2844 (de
923 2759 1083 2845 Excerpt.
1099 2752 1207 2841 Vat.);

236 2875 264 2962 I,
287 2875 310 2939 4
333 2874 388 2956 ((10
410 2877 570 2962 Excerpt.
594 2875 636 2940 de
659 2875 738 2941 virt.
764 2882 798 2940 et
820 2873 939 2954 vitiis).

128 3053 253 3139 Inepta
275 3061 388 3118 autern
411 3060 446 3118 et
470 3051 614 3118 absurda
636 3052 719 3118 haec
743 3060 795 3118 est
818 3053 1011 3140 explanatio
1019 3048 1043 3132 ¹)
1071 3059 1105 3118 et
1127 3052 1301 3132 rhetorum

128 3167 260 3233 redolet
290 3191 399 3234 usum.
446 3169 564 3254 Neque
593 3191 675 3234 vero
698 3170 919 3234 Plutarchum
942 3169 1066 3249 (Solon.
1092 3165 1149 3252 23)
1173 3169 1301 3254 optimo

130 3306 213 3348 usus
241 3292 375 3350 auctore
404 3283 446 3348 de
472 3285 633 3370 praemiis
662 3308 682 3349 a
705 3285 828 3351 Solone
860 3285 1040 3350 diminutis
1067 3285 1136 3350 illis
1164 3283 1299 3370 quidem

131 3398 193 3464 sed
227 3400 392 3464 institulis
428 3400 631 3485 cogitavisse
665 3400 740 3464 luce
775 3401 897 3465 elarius
933 3407 994 3466 est.
1046 3400 1138 3478 Quid
1172 3399 1301 3464 multa?

130 3516 414 3600 Fragmentum2
438 3517 479 3580 ab
503 3516 639 3602 Ephoro
664 3516 813 3581 alienum
836 3539 909 3581 esse
933 3516 1219 3582 verisimillimum
1240 3522 1301 3580 est.

130 3631 247 3716 Atque
269 3633 352 3696 haec
375 3631 568 3717 fragmenta
591 3634 633 3717 (1,
649 3633 684 3715 43
707 3634 737 3717 2,
755 3631 789 3714 5)
813 3655 890 3696 cum
906 3633 947 3700 ob
963 3633 1075 3698 locum
1091 3653 1156 3716 quo
1173 3637 1301 3715 extant,

130 3755 206 3813 tum
229 3747 271 3812 ob
294 3755 541 3834 argumentum,
566 3749 603 3812 in
627 3769 693 3834 quo
717 3755 907 3833 versantur,
931 3747 1031 3813 futile
1054 3747 1140 3812 illud
1162 3728 1303 3832 quidem

241 4093 268 4159 1)
287 4091 393 4147 Theod.
417 4093 513 4164 Bergk
542 4091 633 4164 (Poet.
652 4094 721 4165 Lyr.
741 4093 789 4148 Gr.
814 4093 856 4148 ed.
876 4094 894 4148 4
917 4094 972 4150 vol.
992 4093 1023 4148 Π
1041 4112 1067 4165 p.
1087 4092 1122 4147 60
1141 4092 1227 4164 frgm.
1245 4092 1302 4160 44).

131 4181 254 4236 Diodori
272 4182 368 4236 locum
387 4201 402 4236 e
421 4182 534 4236 Solonis
553 4183 645 4254 elegia
663 4184 786 4254 petitum
804 4201 866 4238 esse
884 4183 1014 4238 coniecit.
1043 4184 1106 4236 Hac
1119 4183 1201 4236 illum
1214 4182 1304 4237 nimia

132 4270 205 4325 artis
215 4271 414 4342 gymnasticae
424 4271 520 4326 studia
530 4273 637 4344 pariter
646 4272 840 4344 exagitavisse
851 4279 937 4343 atque
946 4273 1156 4345 Xenophanem
1162 4270 1303 4345 (frgm.2).

124 4359 285 4414 Plutarchi
304 4367 401 4416 autem
420 4363 508 4430 locus,
528 4380 611 4434 quem
632 4362 757 4418 conferri
775 4363 862 4432 iubet,
882 4363 955 4416 nihil
974 4363 1011 4417 ad
1029 4363 1084 4417 hoc
1102 4362 1215 4418 attinet.
1252 4363 1304 4417 At·

133 4467 190 4520 que
209 4467 255 4504 me
274 4449 367 4506 iudice
385 4451 462 4506 inter
480 4452 614 4508 Solonem
633 4459 662 4507 01
680 4453 890 4523 Xenophanem
910 4451 1017 4524 aliquid
1035 4452 1164 4508 interest.

1109 4559 1144 4615 2*
