3086 5134
167 587 306 654 Diodor.
331 589 395 673 IX,
421 589 454 654 3:
476 578 552 652 Ὅτι
577 582 655 672 περὶ
808 587 908 674 Diog.
932 587 959 670 I,
977 587 1033 652 28:
1059 576 1293 649 ἀνασπασθέν-

116 703 182 764 τοῦ
209 703 326 787 χρυσοῦ
357 697 518 786 τρίποδος
549 693 654 790 ciprpc-
762 724 818 777 τος
841 698 878 764 δὲ
901 702 960 764 τοῦ
983 695 1143 785 τρίποδος
1167 693 1293 788 ἀμφισ-

117 811 311 903 σβητησειος
347 807 444 905 οδσης
477 809 497 906 ἡ
536 812 655 880 Ποδία
762 810 900 904 βήτησις
923 801 970 904 ἦν,
996 811 1056 894 ἕως
1078 811 1109 880 οὶ
1127 810 1294 904 Μιλησίοι

116 926 253 1020 ἔχρησεν
288 925 391 1010 οὕτως
431 959 500 1021 seq.
536 957 654 1000 versus
763 927 921 1018 ἔπεμψαν
967 926 1014 1007 εἰς
1048 927 1199 1018 Δελφοδς
1236 927 1294 996 καὶ

108 1037 258 1132 ’Έκγονο
283 1072 312 1112 κ.
337 1071 365 1112 τ.
391 1048 419 1112 λ.
757 1039 879 1124 trista
902 1041 1032 1135 ἔχρησεν
1057 1039 1173 1124 οὕτως·

381 1155 514 1248 'bayon
542 1159 696 1251 Μιλήτου
724 1158 884 1251 τρίποδος
913 1160 991 1250 περὶ
1018 1165 1143 1245 Φοῖβον
1171 1160 1294 1250 ἐρωτᾷς

396 1275 454 1356 Τίς
470 1275 572 1367 σοφίη
590 1273 725 1342 ποίντων
740 1281 882 1366 πρῶτος,
903 1273 1020 1343 τούτου
1036 1275 1167 1366 τρίποδ’
1189 1271 1292 1344 αὐδῶ.

390 1393 517 1460 διδοῦσι
535 1381 622 1460 δὀὖτ
642 1395 734 1484 Θαλῇ
741 1417 747 1432 ·
774 1388 791 1460 δ
808 1391 844 1458 δὲ
865 1385 954 1480 δίλλῳ
971 1391 1031 1472 ἕως
1044 1389 1201 1471 Σόλωνος.
1222 1387 1239 1459 ὃ
1258 1392 1294 1460 δὲ

1111 1533 1140 1574 κ.
1165 1534 1193 1574 τ.
1219 1510 1247 1575 λ.

171 1659 176 1667 ’
229 1647 360 1712 Horum
383 1671 542 1712 versuum
566 1653 748 1712 concentus
772 1669 841 1713 non
863 1648 939 1712 leve
954 1647 1093 1733 praebet
1109 1670 1290 1734 argumen-

113 1769 205 1828 tum.
250 1764 369 1849 Neque
394 1763 485 1828 enirn
508 1763 665 1830 Valerius
689 1763 856 1828 Maximus
880 1785 991 1848 neque
1015 1763 1088 1846 aiii,
1117 1765 1175 1849 qui
1198 1763 1291 1829 idem

113 1877 283 1962 referunt,
307 1887 499 1964 congruunt
523 1902 599 1945 cum
622 1879 687 1963 his,
712 1901 854 1964 quorum
876 1884 1019 1964 uterque
1043 1867 1292 1964 ἀμφισβήτησις

114 1976 159 2080 ἦν
182 1999 324 2079 uterque
349 1988 439 2071 ,,τίς“
464 2017 525 2081 pro
542 1984 654 2076 ,‚iig“²)
672 1994 818 2079 exhibet,
841 2000 983 2080 uterque
999 1993 1134 2081 tripoda
1149 2019 1168 2059 a
1186 1994 1292 2061 Thale

113 2111 163 2175 ad
188 2110 346 2176 Solonem
370 2110 469 2176 modo
493 2113 598 2175 semel
618 2111 759 2175 missum
776 2133 848 2175 esse
864 2109 1017 2176 tradidit.
1049 2111 1101 2176 Ac
1117 2112 1290 2198 Diogenes

114 2233 155 2290 et
182 2226 351 2291 Diodorus
379 2226 443 2291 hoc
471 2227 569 2292 modo
597 2227 741 2313 primam
776 2226 817 2290 de
852 2227 911 2291 illo
947 2226 1096 2292 fabulam
1130 2226 1292 2294 videntur

113 2341 323 2407 narravisse.
371 2341 467 2406 Alios
490 2343 672 2426 rettulisse,
697 2365 716 2405 a
738 2341 961 2428 piscatoribus
986 2323 1022 2406 iri
1046 2343 1181 2408 Milesia
1202 2344 1291 2428 regi-

114 2480 186 2524 one
209 2458 414 2523 verriculum
430 2457 643 2522 trahentibus
660 2457 823 2542 quosdam
838 2458 965 2522 iactum
981 2458 1112 2523 emisse.
1143 2457 1291 2544 Tripode

112 2582 234 2640 autem
246 2574 386 2638 invento
400 2560 664 2639 controversiam
676 2581 783 2639 ortam
797 2596 870 2638 esse
883 2580 917 2638 et
931 2596 957 2638 c.
972 2571 1288 2654 (ctValerMaxim.

113 2691 181 2775 IV,
200 2692 217 2754 1
234 2685 328 2772 Ext.)
358 2689 413 2755 Ab
437 2689 513 2754 aliis
538 2695 651 2755 autem
674 2712 746 2754 rem
770 2687 868 2754 aiiter
891 2687 1052 2754 traditam
1076 2712 1157 2755 esse.
1194 2690 1290 2755 Bello

114 2869 333 2878 ...--——-—

229 3017 255 3086 1)
274 3017 340 3072 Non
358 3021 436 3071 recte
454 3015 606 3087 Menagius
625 3019 671 3079 τίς,
692 3016 769 3087 quod
778 3015 922 3071 Diodorus
942 3021 971 3070 et
982 3016 1127 3088 Diogenes
1146 3015 1290 3087 exhibent,

115 3107 150 3162 in
170 3098 199 3164 ὅς
217 3105 325 3160 mutari
343 3105 563 3162 commendavit.
592 3105 774 3176 Quamquam
793 3105 824 3160 in
842 3107 897 3162 hoc
914 3106 1085 3178 pronomine
1102 3105 1161 3162 iem
1179 3112 1291 3161 veteres

115 3195 247 3252 haesisse
265 3201 294 3250 ct
313 3195 349 3250 ob
368 3195 398 3248 id
416 3195 471 3248 hoc
489 3195 625 3250 videntur
643 3202 778 3250 mutasse.
816 3195 914 3268 Neque
934 3200 1030 3250 autem
1050 3196 1175 3252 Graecos
1194 3196 1240 3251 vel
1258 3195 1290 3250 in

116 3285 238 3340 deorum
256 3285 356 3355 lingua
374 3289 414 3341 τίς
432 3283 601 3354 pronomine
619 3301 686 3337 usos
705 3301 766 3339 esse
785 3283 906 3339 relativo
925 3291 1003 3356 puto.
1041 3283 1174 3338 Editores
1194 3290 1291 3340 autem

115 3391 271 3446 perperam
289 3371 464 3428 versum'sio
483 3372 665 3443 interpretati
684 3378 766 3426 sunt:
786 3372 880 3443 „Huic
898 3373 1041 3444 tripodem
1061 3373 1169 3442 addico,
1189 3373 1234 3427 cui
1253 3373 1291 3427 sit

116 3461 262 3534 sapientia
280 3460 400 3534 prima.“
437 3459 493 3515 Sed
512 3461 668 3530 oraculum,
689 3479 753 3515 cum
773 3462 934 3534 respondet,
953 3462 1066 3532 quaerit
1085 3481 1120 3516 ex
1139 3461 1192 3516 eis:
1220 3462 1290 3528 Quis

117 3557 164 3606 est
183 3551 325 3622 sapientia
343 3548 493 3624 princeps?
512 3551 577 3604 Hac
590 3550 756 3622 quaestione
776 3551 909 3622 expedita
923 3551 992 3605 deus
1010 3551 1062 3620 illi,
1082 3568 1166 3622 quem
1180 3551 1291 3624 sapien-

117 3639 265 3694 tissimum
288 3645 404 3712 putent,
433 3657 563 3694 mensam
587 3657 704 3693 auream
727 3639 815 3693 tribui
842 3639 922 3694 iubet
950 3632 1058 3711 (τούτου
1079 3639 1199 3710 τρίποδα
1219 3639 1290 3694 εἶναι

119 3723 219 3798 αὐδῶ).
264 3729 345 3782 Haec
373 3746 486 3800 quoque
514 3728 621 3782 oraculi
649 3729 745 3782 forma
767 3747 825 3782 non
849 3728 890 3783 ita
913 3729 1061 3800 perspicue
1085 3727 1170 3784 deum
1195 3729 1291 3800 ipsum

118 3818 345 3890 intellegendum
364 3834 425 3871 esse
444 3816 598 3888 significat.
630 3817 717 3872 Hunc
729 3817 808 3871 nullo
821 3817 907 3871 modo
921 3817 1133 3889 cognovissent,
1152 3818 1208 3872 nisi
1221 3817 1291 3873 deus

119 3924 259 3979 quaerens
279 3924 328 3961 eos
346 3903 527 3960 difficultatis
546 3906 749 3962 admonuisset.
787 3906 954 3961 Dindorfius
973 3906 1042 3960 olim
1061 3906 1217 3978 (Diogenes
1233 3909 1289 3964 vol.

119 3997 151 4052 Π
169 4016 195 4068 p.
215 3997 267 4050 622
285 3995 405 4068 append.
435 3995 523 4049 critic.
552 3996 589 4049 ad
607 3996 630 4066 Ι,
650 3996 685 4049 28
712 3993 769 4050 vid.
789 3995 905 4050 Diodor.
930 3996 1073 4066 Excerpta
1092 3997 1184 4052 Vatic.
1208 4016 1235 4070 p.
1257 3999 1290 4051 15
1349 4045 1351 4050 .

120 4086 155 4142 ad
174 4085 249 4139 Rom
272 4104 297 4156 p.
320 4086 352 4138 17
371 4084 442 4138 Lud.
462 4083 606 4154 Dindorf.)
630 4084 661 4138 in
685 4085 805 4140 eandem
828 4085 1001 4140 sententiam
1025 4085 1141 4140 videtur
1162 4086 1288 4141 cessisse.

119 4175 195 4230 Nam
214 4179 287 4229 teste
306 4173 462 4228 Huebnero
481 4171 512 4226 in
531 4171 656 4228 editione
674 4173 768 4244 priore
787 4174 948 4245 legebatur:

302 4303 348 4356 ΊῚς
367 4303 454 4368 σοφίᾳ
475 4295 581 4368 πρῶτος
600 4291 723 4360 uriarum
742 4291 827 4365 vairp
846 4297 881 4368 (2)
900 4297 1011 4368 τρίποδ’
1032 4293 1116 4351 aridei.

119 4423 175 4480 Sed
193 4422 322 4478 Dindorf
338 4422 368 4477 in
386 4421 519 4491 editione,
545 4441 630 4493 quam
654 4421 720 4492 adii,
739 4423 832 4477 altera
850 4423 924 4477 hano
943 4421 1211 4495 interpretationem
1231 4443 1289 4480 non

118 4513 236 4585 recepit.
